<!DOCTYPE html><html lang="en"><head><meta charSet="utf-8"/><link rel="preload" href="/fonts/source-sans-pro/SourceSansPro-Regular.woff2" as="font" type="font/woff2" crossorigin="anonymous"/><link rel="preload" href="/fonts/itc-avant-garde-gothic/AvantGardeGothicITCW05-Demi.woff2" as="font" type="font/woff2" crossorigin="anonymous"/><link rel="preload" href="/fonts/itc-avant-garde-gothic/ITCAvantGardeGothicW05-Bold.woff2" as="font" type="font/woff2" crossorigin="anonymous"/><link rel="preload" href="/fonts/source-sans-pro/SourceSansPro-SemiBold.woff2" as="font" type="font/woff2" crossorigin="anonymous"/><meta property="og:locale" content="en_AU"/><meta name="viewport" content="width=device-width,initial-scale=1,minimum-scale=1,maximum-scale=5,user-scalable=yes"/><meta http-equiv="x-ua-compatible" content="IE=edge"/><meta name="keywords" content="Keywords"/><meta name="msapplication-TileColor" content="#da532c"/><meta name="theme-color" content="#ffffff"/><link rel="manifest" href="/manifest.json"/><link rel="icon" href="/content/dam/coles/global/icons/favicons/favicon.ico"/><link rel="icon" type="image/png" sizes="16x16" href="/content/dam/coles/global/icons/favicons/favicon-16x16.png"/><link rel="icon" type="image/png" sizes="32x32" href="/content/dam/coles/global/icons/favicons/favicon-32x32.png"/><link rel="apple-touch-icon" sizes="180x180" href="/content/dam/coles/global/icons/favicons/apple-touch-icon.png"/><link rel="mask-icon" href="/content/dam/coles/global/icons/favicons/safari-pinned-tab.svg" color="#5bbad5"/><title>Browse air fresheners &amp; home fragrance | household | Coles</title><meta name="robots" content="noindex,nofollow"/><meta name="googlebot" content="noindex,nofollow"/><meta name="description" content="Shop our air fresheners &amp; home fragrance range online or in-store. Enjoy our everyday low prices and fast delivery to your door."/><meta property="og:title" content="Browse air fresheners &amp; home fragrance | household | Coles"/><meta property="og:description" content="Shop our air fresheners &amp; home fragrance range online or in-store. Enjoy our everyday low prices and fast delivery to your door."/><meta property="og:url" content="https://www.coles.com.au/browse/household/air-fresheners-home-fragrance"/><meta property="og:type" content="product"/><meta property="og:image" content="https://www.coles.com.au/content/dam/coles/shop-categories/household.png"/><meta property="og:image:alt" content="air fresheners &amp; home fragrance"/><meta property="og:image:type" content="image/jpeg"/><meta property="og:image:width" content="800"/><meta property="og:image:height" content="600"/><meta property="og:site_name" content="Coles Online"/><link rel="canonical" href="https://www.coles.com.au/browse/household/air-fresheners-home-fragrance"/><link rel="preload" as="image" imagesrcset="https://productimages.coles.com.au/productimages/3/3913611.jpg?w=200 1x, https://productimages.coles.com.au/productimages/3/3913611.jpg?w=200 2x"/><link rel="preload" as="image" imagesrcset="https://productimages.coles.com.au/productimages/3/3963733.jpg?w=200 1x, https://productimages.coles.com.au/productimages/3/3963733.jpg?w=200 2x"/><link rel="preload" as="image" imagesrcset="https://productimages.coles.com.au/productimages/3/3057591.jpg?w=200 1x, https://productimages.coles.com.au/productimages/3/3057591.jpg?w=200 2x"/><link rel="preload" as="image" imagesrcset="https://productimages.coles.com.au/productimages/1/1836713.jpg?w=200 1x, https://productimages.coles.com.au/productimages/1/1836713.jpg?w=200 2x"/><meta name="next-head-count" content="36"/><link rel="preload" href="/_next/static/css/cbfcd090c70e1bd3.css" as="style"/><link rel="stylesheet" href="/_next/static/css/cbfcd090c70e1bd3.css" data-n-g=""/><noscript data-n-css=""></noscript><script defer="" nomodule="" src="/_next/static/chunks/polyfills-c67a75d1b6f99dc8.js"></script><script data-partytown-config="">
            partytown = {
              lib: "/_next/static/~partytown/"
            };
          </script><script data-partytown="">!(function(w,p,f,c){c=w[p]=w[p]||{};c[f]=(c[f]||[])})(window,'partytown','forward');/* Partytown 0.5.2 - MIT builder.io */
!function(t,e,n,i,r,o,a,d,s,c,p,l){function u(){l||(l=1,"/"==(a=(o.lib||"/~partytown/")+(o.debug?"debug/":""))[0]&&(s=e.querySelectorAll('script[type="text/partytown"]'),i!=t?i.dispatchEvent(new CustomEvent("pt1",{detail:t})):(d=setTimeout(w,1e4),e.addEventListener("pt0",f),r?h(1):n.serviceWorker?n.serviceWorker.register(a+(o.swPath||"partytown-sw.js"),{scope:a}).then((function(t){t.active?h():t.installing&&t.installing.addEventListener("statechange",(function(t){"activated"==t.target.state&&h()}))}),console.error):w())))}function h(t){c=e.createElement(t?"script":"iframe"),t||(c.setAttribute("style","display:block;width:0;height:0;border:0;visibility:hidden"),c.setAttribute("aria-hidden",!0)),c.src=a+"partytown-"+(t?"atomics.js?v=0.5.2":"sandbox-sw.html?"+Date.now()),e.body.appendChild(c)}function w(t,n){for(f(),t=0;t<s.length;t++)(n=e.createElement("script")).innerHTML=s[t].innerHTML,e.head.appendChild(n);c&&c.parentNode.removeChild(c)}function f(){clearTimeout(d)}o=t.partytown||{},i==t&&(o.forward||[]).map((function(e){p=t,e.split(".").map((function(e,n,i){p=p[i[n]]=n+1<i.length?"push"==i[n+1]?[]:p[i[n]]||{}:function(){(t._ptf=t._ptf||[]).push(i,arguments)}}))})),"complete"==e.readyState?u():(t.addEventListener("DOMContentLoaded",u),t.addEventListener("load",u))}(window,document,navigator,top,window.crossOriginIsolated);</script><script src="//assets.adobedtm.com/be8983348498/7775e8833f85/launch-3482e2af0e30.min.js" data-testid="analytics-script" defer="" data-nscript="beforeInteractive"></script><script src="/_next/static/chunks/webpack-3359b6d236a2e9ce.js" defer=""></script><script src="/_next/static/chunks/framework-874321aadbf9a5aa.js" defer=""></script><script src="/_next/static/chunks/main-f5888068a2f9461b.js" defer=""></script><script src="/_next/static/chunks/pages/_app-c926e9dd1e28f253.js" defer=""></script><script src="/_next/static/chunks/pages/browse/%5B...slug%5D-64627e7655e709d1.js" defer=""></script><script src="/_next/static/20230131.01_v3.23.0/_buildManifest.js" defer=""></script><script src="/_next/static/20230131.01_v3.23.0/_ssgManifest.js" defer=""></script><style data-styled="" data-styled-version="5.3.3">.hpNgcu{list-style:none;display:-webkit-box;display:-webkit-flex;display:-ms-flexbox;display:flex;-webkit-flex-wrap:wrap;-ms-flex-wrap:wrap;flex-wrap:wrap;font-family:var(--typography-utility_200-fontFamily,var(--typography-body-fontFamily,"SourceSansPro-Regular","Lucida Sans",sans-serif));font-size:var(--typography-utility_200-fontSize,0.875rem);line-height:var(--typography-utility_200-lineHeight,1.25rem);font-weight:var(--typography-utility_200-fontWeight,400);-webkit-letter-spacing:var(--typography-utility_200-letterSpacing,0.16px);-moz-letter-spacing:var(--typography-utility_200-letterSpacing,0.16px);-ms-letter-spacing:var(--typography-utility_200-letterSpacing,0.16px);letter-spacing:var(--typography-utility_200-letterSpacing,0.16px);font-style:var(--typography-utility_200-fontStyle,normal);color:var(--colors-rdsColorText-light,#6F6F6F);}/*!sc*/
.hpNgcu a{color:var(--colors-rdsColorText-light,#6F6F6F);}/*!sc*/
data-styled.g13[id="sc-ad9572f6-0"]{content:"hpNgcu,"}/*!sc*/
.jUJbPS{display:-webkit-box;display:-webkit-flex;display:-ms-flexbox;display:flex;margin-right:10px;}/*!sc*/
data-styled.g14[id="sc-ad9572f6-1"]{content:"jUJbPS,"}/*!sc*/
.hUYTDA{display:-webkit-box;display:-webkit-flex;display:-ms-flexbox;display:flex;-webkit-align-items:center;-webkit-box-align:center;-ms-flex-align:center;align-items:center;padding-left:6px;color:var(--colors-rdsColorText-placeholder,#949494);}/*!sc*/
data-styled.g15[id="sc-ad9572f6-2"]{content:"hUYTDA,"}/*!sc*/
.kvskEO{position:relative;outline:none;border:0px;font-family:var(--typography-utility_300-fontFamily,var(--typography-body-fontFamily,"SourceSansPro-Regular","Lucida Sans",sans-serif));font-size:var(--typography-utility_300-fontSize,1rem);line-height:var(--typography-utility_300-lineHeight,1.5rem);font-weight:var(--typography-utility_300-fontWeight,400);-webkit-letter-spacing:var(--typography-utility_300-letterSpacing,0px);-moz-letter-spacing:var(--typography-utility_300-letterSpacing,0px);-ms-letter-spacing:var(--typography-utility_300-letterSpacing,0px);letter-spacing:var(--typography-utility_300-letterSpacing,0px);font-style:var(--typography-utility_300-fontStyle,normal);color:var(--colors-rdsColorInteractive-primary,var(--colors-primary-main,#E01A22));-webkit-text-decoration:underline;text-decoration:underline;}/*!sc*/
.kvskEO svg{vertical-align:middle;width:16px;height:16px;margin:0 3px 3px 0;}/*!sc*/
.kvskEO:focus-visible{outline-offset:0.125rem;outline:0.125rem solid var(--colors-rdsColorInteractive-link,var(--colors-info-main,#2670EE));box-shadow:0px 0px 0px 0.375rem rgb(255 255 255 / 90%);border-radius:var(--borderRadius-default,4px);}/*!sc*/
.kvskEO:hover{-webkit-text-decoration:none;text-decoration:none;}/*!sc*/
.kvskEO:active{color:var(--colors-rdsColorInteractive-secondary,#212121);-webkit-text-decoration:none;text-decoration:none;}/*!sc*/
.eMUIKa{position:relative;outline:none;border:0px;font-family:var(--typography-utility_200-fontFamily,var(--typography-body-fontFamily,"SourceSansPro-Regular","Lucida Sans",sans-serif));font-size:var(--typography-utility_200-fontSize,0.875rem);line-height:var(--typography-utility_200-lineHeight,1.25rem);font-weight:var(--typography-utility_200-fontWeight,400);-webkit-letter-spacing:var(--typography-utility_200-letterSpacing,0.16px);-moz-letter-spacing:var(--typography-utility_200-letterSpacing,0.16px);-ms-letter-spacing:var(--typography-utility_200-letterSpacing,0.16px);letter-spacing:var(--typography-utility_200-letterSpacing,0.16px);font-style:var(--typography-utility_200-fontStyle,normal);color:var(--colors-rdsColorInteractive-secondary,#212121);-webkit-text-decoration:underline;text-decoration:underline;}/*!sc*/
.eMUIKa svg{vertical-align:middle;width:16px;height:16px;}/*!sc*/
.eMUIKa:focus-visible{outline-offset:0.125rem;outline:0.125rem solid var(--colors-rdsColorInteractive-link,var(--colors-info-main,#2670EE));box-shadow:0px 0px 0px 0.375rem rgb(255 255 255 / 90%);border-radius:var(--borderRadius-default,4px);}/*!sc*/
.eMUIKa:hover{color:var(--colors-rdsColorInteractive-primary,var(--colors-primary-main,#E01A22));-webkit-text-decoration:none;text-decoration:none;}/*!sc*/
.eMUIKa:active{color:var(--colors-rdsColorInteractive-secondary,#212121);-webkit-text-decoration:none;text-decoration:none;}/*!sc*/
.gbLKBI{position:relative;outline:none;border:0px;font-family:var(--typography-utility_300-fontFamily,var(--typography-body-fontFamily,"SourceSansPro-Regular","Lucida Sans",sans-serif));font-size:var(--typography-utility_300-fontSize,1rem);line-height:var(--typography-utility_300-lineHeight,1.5rem);font-weight:var(--typography-utility_300-fontWeight,400);-webkit-letter-spacing:var(--typography-utility_300-letterSpacing,0px);-moz-letter-spacing:var(--typography-utility_300-letterSpacing,0px);-ms-letter-spacing:var(--typography-utility_300-letterSpacing,0px);letter-spacing:var(--typography-utility_300-letterSpacing,0px);font-style:var(--typography-utility_300-fontStyle,normal);color:var(--colors-rdsColorInteractive-secondary,#212121);-webkit-text-decoration:underline;text-decoration:underline;}/*!sc*/
.gbLKBI svg{vertical-align:middle;width:16px;height:16px;}/*!sc*/
.gbLKBI:focus-visible{outline-offset:0.125rem;outline:0.125rem solid var(--colors-rdsColorInteractive-link,var(--colors-info-main,#2670EE));box-shadow:0px 0px 0px 0.375rem rgb(255 255 255 / 90%);border-radius:var(--borderRadius-default,4px);}/*!sc*/
.gbLKBI:hover{color:var(--colors-rdsColorInteractive-primary,var(--colors-primary-main,#E01A22));-webkit-text-decoration:none;text-decoration:none;}/*!sc*/
.gbLKBI:active{color:var(--colors-rdsColorInteractive-secondary,#212121);-webkit-text-decoration:none;text-decoration:none;}/*!sc*/
data-styled.g16[id="sc-6ea5e2aa-0"]{content:"kvskEO,eMUIKa,gbLKBI,"}/*!sc*/
.jOljGY{display:-webkit-inline-box;display:-webkit-inline-flex;display:-ms-inline-flexbox;display:inline-flex;-webkit-align-items:center;-webkit-box-align:center;-ms-flex-align:center;align-items:center;vertical-align:top;position:relative;width:100%;-webkit-box-pack:center;-webkit-justify-content:center;-ms-flex-pack:center;justify-content:center;opacity:1;}/*!sc*/
.jOljGY svg{padding:0px;}/*!sc*/
.jNUVFE{display:-webkit-inline-box;display:-webkit-inline-flex;display:-ms-inline-flexbox;display:inline-flex;-webkit-align-items:center;-webkit-box-align:center;-ms-flex-align:center;align-items:center;vertical-align:top;position:relative;width:100%;-webkit-box-pack:center;-webkit-justify-content:center;-ms-flex-pack:center;justify-content:center;opacity:1;}/*!sc*/
.jNUVFE svg{padding:0px;}/*!sc*/
.jNUVFE svg:first-child{margin:0 0 0 0;}/*!sc*/
.cFnpaQ{display:-webkit-inline-box;display:-webkit-inline-flex;display:-ms-inline-flexbox;display:inline-flex;-webkit-align-items:center;-webkit-box-align:center;-ms-flex-align:center;align-items:center;vertical-align:top;position:relative;width:100%;-webkit-box-pack:center;-webkit-justify-content:center;-ms-flex-pack:center;justify-content:center;opacity:1;}/*!sc*/
.cFnpaQ svg{padding:0px;}/*!sc*/
.cFnpaQ svg:first-child{margin:0 8px 0 0;}/*!sc*/
.eFkgZU{display:-webkit-inline-box;display:-webkit-inline-flex;display:-ms-inline-flexbox;display:inline-flex;-webkit-align-items:center;-webkit-box-align:center;-ms-flex-align:center;align-items:center;vertical-align:top;position:relative;width:100%;-webkit-box-pack:center;-webkit-justify-content:center;-ms-flex-pack:center;justify-content:center;opacity:1;}/*!sc*/
.eFkgZU svg{padding:0px;}/*!sc*/
.eFkgZU svg:last-child{margin:0 0 0 8px;}/*!sc*/
.iFZZdM{display:-webkit-inline-box;display:-webkit-inline-flex;display:-ms-inline-flexbox;display:inline-flex;-webkit-align-items:center;-webkit-box-align:center;-ms-flex-align:center;align-items:center;vertical-align:top;position:relative;width:100%;-webkit-box-pack:center;-webkit-justify-content:center;-ms-flex-pack:center;justify-content:center;opacity:1;}/*!sc*/
.iFZZdM svg{padding:0px;}/*!sc*/
.iFZZdM svg:first-child{margin:0 8px 0 0;}/*!sc*/
.iFZZdM svg:last-child{margin:0 0 0 8px;}/*!sc*/
data-styled.g22[id="sc-d0f9d37-0"]{content:"jOljGY,jNUVFE,cFnpaQ,eFkgZU,iFZZdM,"}/*!sc*/
.iPRcRz{position:relative;border:1px solid transparent;margin:0;cursor:pointer;outline:none;text-align:left;-webkit-text-decoration:none;text-decoration:none;display:-webkit-inline-box;display:-webkit-inline-flex;display:-ms-inline-flexbox;display:inline-flex;-webkit-align-items:center;-webkit-box-align:center;-ms-flex-align:center;align-items:center;vertical-align:top;border-radius:var(--borderRadius-round,9999px);border-color:transparent;-webkit-text-decoration:underline;text-decoration:underline;background:transparent;color:var(--colors-rdsColorInteractive-secondary,#212121);padding:8px 20px;font-family:var(--typography-utility_strong_300-fontFamily,var(--typography-body-fontFamilySemiBold,var(--typography-body-fontFamily,"SourceSansPro-SemiBold","Lucida Sans",sans-serif)));font-size:var(--typography-utility_strong_300-fontSize,1rem);line-height:var(--typography-utility_strong_300-lineHeight,1.5rem);font-weight:var(--typography-utility_strong_300-fontWeight,400);-webkit-letter-spacing:var(--typography-utility_strong_300-letterSpacing,0px);-moz-letter-spacing:var(--typography-utility_strong_300-letterSpacing,0px);-ms-letter-spacing:var(--typography-utility_strong_300-letterSpacing,0px);letter-spacing:var(--typography-utility_strong_300-letterSpacing,0px);font-style:var(--typography-utility_strong_300-fontStyle,normal);padding:8px;}/*!sc*/
.iPRcRz:focus{z-index:1;outline-color:transparent;box-shadow:0 0 0 2px var(--colors-rdsColorInteractive-inverse,var(--colors-common-white,#FFFFFF)), 0 0 0 4px var(--colors-rdsColorInteractive-focus,var(--colors-info-main,#2670EE));}/*!sc*/
.iPRcRz:focus:not(:focus-visible){box-shadow:none;}/*!sc*/
.iPRcRz:focus-visible{z-index:1;outline-color:transparent;box-shadow:0 0 0 2px var(--colors-rdsColorInteractive-inverse,var(--colors-common-white,#FFFFFF)), 0 0 0 4px var(--colors-rdsColorInteractive-focus,var(--colors-info-main,#2670EE));}/*!sc*/
.iPRcRz svg{color:var(--colors-rdsColorIcon-dark,#212121);}/*!sc*/
.iPRcRz:hover{background:var(--colors-rdsColorInteractive-uiHover,#F5F5F5);border-color:var(--colors-rdsColorInteractive-secondary,#212121);}/*!sc*/
.iPRcRz:active{background:var(--colors-rdsColorInteractive-uiActive,#E0E0E0);}/*!sc*/
.iPRcRz:disabled,.iPRcRz:hover:disabled,.iPRcRz:focus:disabled,.iPRcRz.disabled,.iPRcRz.disabled:hover,.iPRcRz.disabled:focus{background:var(--colors-rdsColorBackground-defaultColor,var(--colors-background-default,#FFFFFF));opacity:0.25;}/*!sc*/
.iPRcRz img,.iPRcRz svg{width:20px;height:20px;}/*!sc*/
.iPRcRz:disabled,.iPRcRz.disabled{cursor:not-allowed;}/*!sc*/
.iCGQYF{position:relative;border:1px solid transparent;margin:0;cursor:pointer;outline:none;text-align:left;-webkit-text-decoration:none;text-decoration:none;display:-webkit-inline-box;display:-webkit-inline-flex;display:-ms-inline-flexbox;display:inline-flex;-webkit-align-items:center;-webkit-box-align:center;-ms-flex-align:center;align-items:center;vertical-align:top;border-radius:var(--borderRadius-round,9999px);border-color:var(--colors-rdsColorInteractive-uiActive,#E0E0E0);background:var(--colors-rdsColorBackground-defaultColor,var(--colors-background-default,#FFFFFF));color:var(--colors-rdsColorInteractive-secondary,#212121);padding:8px 20px;font-family:var(--typography-utility_strong_300-fontFamily,var(--typography-body-fontFamilySemiBold,var(--typography-body-fontFamily,"SourceSansPro-SemiBold","Lucida Sans",sans-serif)));font-size:var(--typography-utility_strong_300-fontSize,1rem);line-height:var(--typography-utility_strong_300-lineHeight,1.5rem);font-weight:var(--typography-utility_strong_300-fontWeight,400);-webkit-letter-spacing:var(--typography-utility_strong_300-letterSpacing,0px);-moz-letter-spacing:var(--typography-utility_strong_300-letterSpacing,0px);-ms-letter-spacing:var(--typography-utility_strong_300-letterSpacing,0px);letter-spacing:var(--typography-utility_strong_300-letterSpacing,0px);font-style:var(--typography-utility_strong_300-fontStyle,normal);}/*!sc*/
.iCGQYF:focus{z-index:1;outline-color:transparent;box-shadow:0 0 0 2px var(--colors-rdsColorInteractive-inverse,var(--colors-common-white,#FFFFFF)), 0 0 0 4px var(--colors-rdsColorInteractive-focus,var(--colors-info-main,#2670EE));}/*!sc*/
.iCGQYF:focus:not(:focus-visible){box-shadow:none;}/*!sc*/
.iCGQYF:focus-visible{z-index:1;outline-color:transparent;box-shadow:0 0 0 2px var(--colors-rdsColorInteractive-inverse,var(--colors-common-white,#FFFFFF)), 0 0 0 4px var(--colors-rdsColorInteractive-focus,var(--colors-info-main,#2670EE));}/*!sc*/
.iCGQYF svg{color:var(--colors-rdsColorIcon-dark,#212121);}/*!sc*/
.iCGQYF:hover{background:var(--colors-rdsColorInteractive-uiHover,#F5F5F5);}/*!sc*/
.iCGQYF:active{background:var(--colors-rdsColorInteractive-uiActive,#E0E0E0);}/*!sc*/
.iCGQYF:disabled,.iCGQYF:hover:disabled,.iCGQYF:focus:disabled,.iCGQYF.disabled,.iCGQYF.disabled:hover,.iCGQYF.disabled:focus{background:var(--colors-rdsColorBackground-defaultColor,var(--colors-background-default,#FFFFFF));opacity:0.25;}/*!sc*/
.iCGQYF img,.iCGQYF svg{width:20px;height:20px;}/*!sc*/
.iCGQYF:disabled,.iCGQYF.disabled{cursor:not-allowed;}/*!sc*/
.jJlGoP{position:relative;border:1px solid transparent;margin:0;cursor:pointer;outline:none;text-align:left;-webkit-text-decoration:none;text-decoration:none;display:-webkit-inline-box;display:-webkit-inline-flex;display:-ms-inline-flexbox;display:inline-flex;-webkit-align-items:center;-webkit-box-align:center;-ms-flex-align:center;align-items:center;vertical-align:top;border-radius:var(--borderRadius-soft,6px);background:var(--colors-rdsColorBackground-defaultColor,var(--colors-background-default,#FFFFFF));color:var(--colors-rdsColorInteractive-secondary,#212121);padding:8px 20px;font-family:var(--typography-utility_strong_300-fontFamily,var(--typography-body-fontFamilySemiBold,var(--typography-body-fontFamily,"SourceSansPro-SemiBold","Lucida Sans",sans-serif)));font-size:var(--typography-utility_strong_300-fontSize,1rem);line-height:var(--typography-utility_strong_300-lineHeight,1.5rem);font-weight:var(--typography-utility_strong_300-fontWeight,400);-webkit-letter-spacing:var(--typography-utility_strong_300-letterSpacing,0px);-moz-letter-spacing:var(--typography-utility_strong_300-letterSpacing,0px);-ms-letter-spacing:var(--typography-utility_strong_300-letterSpacing,0px);letter-spacing:var(--typography-utility_strong_300-letterSpacing,0px);font-style:var(--typography-utility_strong_300-fontStyle,normal);}/*!sc*/
.jJlGoP:focus{z-index:1;outline-color:transparent;box-shadow:0 0 0 2px var(--colors-rdsColorInteractive-inverse,var(--colors-common-white,#FFFFFF)), 0 0 0 4px var(--colors-rdsColorInteractive-focus,var(--colors-info-main,#2670EE));}/*!sc*/
.jJlGoP:focus:not(:focus-visible){box-shadow:none;}/*!sc*/
.jJlGoP:focus-visible{z-index:1;outline-color:transparent;box-shadow:0 0 0 2px var(--colors-rdsColorInteractive-inverse,var(--colors-common-white,#FFFFFF)), 0 0 0 4px var(--colors-rdsColorInteractive-focus,var(--colors-info-main,#2670EE));}/*!sc*/
.jJlGoP svg{color:var(--colors-rdsColorIcon-dark,#212121);}/*!sc*/
.jJlGoP:hover{background:var(--colors-rdsColorInteractive-uiHover,#F5F5F5);}/*!sc*/
.jJlGoP:active{background:var(--colors-rdsColorInteractive-uiActive,#E0E0E0);}/*!sc*/
.jJlGoP:focus{z-index:1;outline-color:transparent;box-shadow:0 0 0 2px var(--colors-rdsColorInteractive-focus,var(--colors-info-main,#2670EE)), 0 0 0 4px var(--colors-rdsColorInteractive-inverse,var(--colors-common-white,#FFFFFF));}/*!sc*/
.jJlGoP:focus:not(:focus-visible){box-shadow:none;}/*!sc*/
.jJlGoP:focus-visible{z-index:1;outline-color:transparent;box-shadow:0 0 0 2px var(--colors-rdsColorInteractive-focus,var(--colors-info-main,#2670EE)), 0 0 0 4px var(--colors-rdsColorInteractive-inverse,var(--colors-common-white,#FFFFFF));}/*!sc*/
.jJlGoP:disabled,.jJlGoP:hover:disabled,.jJlGoP:focus:disabled,.jJlGoP.disabled,.jJlGoP.disabled:hover,.jJlGoP.disabled:focus{background:var(--colors-rdsColorBackground-defaultColor,var(--colors-background-default,#FFFFFF));opacity:0.25;}/*!sc*/
.jJlGoP img,.jJlGoP svg{width:20px;height:20px;}/*!sc*/
.jJlGoP:disabled,.jJlGoP.disabled{cursor:not-allowed;}/*!sc*/
.dQoxbr{position:relative;border:1px solid transparent;margin:0;cursor:pointer;outline:none;text-align:left;-webkit-text-decoration:none;text-decoration:none;display:-webkit-inline-box;display:-webkit-inline-flex;display:-ms-inline-flexbox;display:inline-flex;-webkit-align-items:center;-webkit-box-align:center;-ms-flex-align:center;align-items:center;vertical-align:top;border-radius:var(--borderRadius-round,9999px);border-color:transparent;-webkit-text-decoration:underline;text-decoration:underline;background:transparent;color:var(--colors-rdsColorInteractive-secondary,#212121);padding:8px 20px;font-family:var(--typography-utility_strong_300-fontFamily,var(--typography-body-fontFamilySemiBold,var(--typography-body-fontFamily,"SourceSansPro-SemiBold","Lucida Sans",sans-serif)));font-size:var(--typography-utility_strong_300-fontSize,1rem);line-height:var(--typography-utility_strong_300-lineHeight,1.5rem);font-weight:var(--typography-utility_strong_300-fontWeight,400);-webkit-letter-spacing:var(--typography-utility_strong_300-letterSpacing,0px);-moz-letter-spacing:var(--typography-utility_strong_300-letterSpacing,0px);-ms-letter-spacing:var(--typography-utility_strong_300-letterSpacing,0px);letter-spacing:var(--typography-utility_strong_300-letterSpacing,0px);font-style:var(--typography-utility_strong_300-fontStyle,normal);}/*!sc*/
.dQoxbr:focus{z-index:1;outline-color:transparent;box-shadow:0 0 0 2px var(--colors-rdsColorInteractive-inverse,var(--colors-common-white,#FFFFFF)), 0 0 0 4px var(--colors-rdsColorInteractive-focus,var(--colors-info-main,#2670EE));}/*!sc*/
.dQoxbr:focus:not(:focus-visible){box-shadow:none;}/*!sc*/
.dQoxbr:focus-visible{z-index:1;outline-color:transparent;box-shadow:0 0 0 2px var(--colors-rdsColorInteractive-inverse,var(--colors-common-white,#FFFFFF)), 0 0 0 4px var(--colors-rdsColorInteractive-focus,var(--colors-info-main,#2670EE));}/*!sc*/
.dQoxbr svg{color:var(--colors-rdsColorIcon-dark,#212121);}/*!sc*/
.dQoxbr:hover{background:var(--colors-rdsColorInteractive-uiHover,#F5F5F5);border-color:var(--colors-rdsColorInteractive-secondary,#212121);}/*!sc*/
.dQoxbr:active{background:var(--colors-rdsColorInteractive-uiActive,#E0E0E0);}/*!sc*/
.dQoxbr:disabled,.dQoxbr:hover:disabled,.dQoxbr:focus:disabled,.dQoxbr.disabled,.dQoxbr.disabled:hover,.dQoxbr.disabled:focus{background:var(--colors-rdsColorBackground-defaultColor,var(--colors-background-default,#FFFFFF));opacity:0.25;}/*!sc*/
.dQoxbr img,.dQoxbr svg{width:20px;height:20px;}/*!sc*/
.dQoxbr:disabled,.dQoxbr.disabled{cursor:not-allowed;}/*!sc*/
.geKTLL{position:relative;border:1px solid transparent;margin:0;cursor:pointer;outline:none;text-align:left;-webkit-text-decoration:none;text-decoration:none;display:-webkit-inline-box;display:-webkit-inline-flex;display:-ms-inline-flexbox;display:inline-flex;-webkit-align-items:center;-webkit-box-align:center;-ms-flex-align:center;align-items:center;vertical-align:top;border-radius:var(--borderRadius-round,9999px);background:var(--colors-rdsColorInteractive-primary,var(--colors-primary-main,#E01A22));color:var(--colors-rdsColorInteractive-inverse,var(--colors-common-white,#FFFFFF));padding:8px 20px;font-family:var(--typography-utility_strong_300-fontFamily,var(--typography-body-fontFamilySemiBold,var(--typography-body-fontFamily,"SourceSansPro-SemiBold","Lucida Sans",sans-serif)));font-size:var(--typography-utility_strong_300-fontSize,1rem);line-height:var(--typography-utility_strong_300-lineHeight,1.5rem);font-weight:var(--typography-utility_strong_300-fontWeight,400);-webkit-letter-spacing:var(--typography-utility_strong_300-letterSpacing,0px);-moz-letter-spacing:var(--typography-utility_strong_300-letterSpacing,0px);-ms-letter-spacing:var(--typography-utility_strong_300-letterSpacing,0px);letter-spacing:var(--typography-utility_strong_300-letterSpacing,0px);font-style:var(--typography-utility_strong_300-fontStyle,normal);}/*!sc*/
.geKTLL:focus{z-index:1;outline-color:transparent;box-shadow:0 0 0 2px var(--colors-rdsColorInteractive-inverse,var(--colors-common-white,#FFFFFF)), 0 0 0 4px var(--colors-rdsColorInteractive-focus,var(--colors-info-main,#2670EE));}/*!sc*/
.geKTLL:focus:not(:focus-visible){box-shadow:none;}/*!sc*/
.geKTLL:focus-visible{z-index:1;outline-color:transparent;box-shadow:0 0 0 2px var(--colors-rdsColorInteractive-inverse,var(--colors-common-white,#FFFFFF)), 0 0 0 4px var(--colors-rdsColorInteractive-focus,var(--colors-info-main,#2670EE));}/*!sc*/
.geKTLL svg{color:var(--colors-rdsColorIcon-inverse,var(--colors-common-white,#FFFFFF));}/*!sc*/
.geKTLL:hover{background:var(--colors-rdsColorInteractive-primaryHover,var(--colors-primary-dark,#B9091D));}/*!sc*/
.geKTLL:active{background:var(--colors-rdsColorInteractive-primaryActive,#960319);}/*!sc*/
.geKTLL:disabled,.geKTLL:hover:disabled,.geKTLL:focus:disabled,.geKTLL.disabled,.geKTLL.disabled:hover,.geKTLL.disabled:focus{background:var(--colors-rdsColorInteractive-primaryActive,#960319);opacity:0.25;}/*!sc*/
.geKTLL img,.geKTLL svg{width:20px;height:20px;}/*!sc*/
.geKTLL:disabled,.geKTLL.disabled{cursor:not-allowed;}/*!sc*/
.fZOuPh{position:relative;border:1px solid transparent;margin:0;cursor:pointer;outline:none;text-align:left;-webkit-text-decoration:none;text-decoration:none;display:-webkit-inline-box;display:-webkit-inline-flex;display:-ms-inline-flexbox;display:inline-flex;-webkit-align-items:center;-webkit-box-align:center;-ms-flex-align:center;align-items:center;vertical-align:top;border-radius:var(--borderRadius-round,9999px);background:var(--colors-rdsColorBackground-defaultColor,var(--colors-background-default,#FFFFFF));color:var(--colors-rdsColorInteractive-secondary,#212121);padding:8px 20px;font-family:var(--typography-utility_strong_300-fontFamily,var(--typography-body-fontFamilySemiBold,var(--typography-body-fontFamily,"SourceSansPro-SemiBold","Lucida Sans",sans-serif)));font-size:var(--typography-utility_strong_300-fontSize,1rem);line-height:var(--typography-utility_strong_300-lineHeight,1.5rem);font-weight:var(--typography-utility_strong_300-fontWeight,400);-webkit-letter-spacing:var(--typography-utility_strong_300-letterSpacing,0px);-moz-letter-spacing:var(--typography-utility_strong_300-letterSpacing,0px);-ms-letter-spacing:var(--typography-utility_strong_300-letterSpacing,0px);letter-spacing:var(--typography-utility_strong_300-letterSpacing,0px);font-style:var(--typography-utility_strong_300-fontStyle,normal);padding:8px;}/*!sc*/
.fZOuPh:focus{z-index:1;outline-color:transparent;box-shadow:0 0 0 2px var(--colors-rdsColorInteractive-inverse,var(--colors-common-white,#FFFFFF)), 0 0 0 4px var(--colors-rdsColorInteractive-focus,var(--colors-info-main,#2670EE));}/*!sc*/
.fZOuPh:focus:not(:focus-visible){box-shadow:none;}/*!sc*/
.fZOuPh:focus-visible{z-index:1;outline-color:transparent;box-shadow:0 0 0 2px var(--colors-rdsColorInteractive-inverse,var(--colors-common-white,#FFFFFF)), 0 0 0 4px var(--colors-rdsColorInteractive-focus,var(--colors-info-main,#2670EE));}/*!sc*/
.fZOuPh svg{color:var(--colors-rdsColorIcon-dark,#212121);}/*!sc*/
.fZOuPh:hover{background:var(--colors-rdsColorInteractive-uiHover,#F5F5F5);}/*!sc*/
.fZOuPh:active{background:var(--colors-rdsColorInteractive-uiActive,#E0E0E0);}/*!sc*/
.fZOuPh:focus{z-index:1;outline-color:transparent;box-shadow:0 0 0 2px var(--colors-rdsColorInteractive-focus,var(--colors-info-main,#2670EE)), 0 0 0 4px var(--colors-rdsColorInteractive-inverse,var(--colors-common-white,#FFFFFF));}/*!sc*/
.fZOuPh:focus:not(:focus-visible){box-shadow:none;}/*!sc*/
.fZOuPh:focus-visible{z-index:1;outline-color:transparent;box-shadow:0 0 0 2px var(--colors-rdsColorInteractive-focus,var(--colors-info-main,#2670EE)), 0 0 0 4px var(--colors-rdsColorInteractive-inverse,var(--colors-common-white,#FFFFFF));}/*!sc*/
.fZOuPh:disabled,.fZOuPh:hover:disabled,.fZOuPh:focus:disabled,.fZOuPh.disabled,.fZOuPh.disabled:hover,.fZOuPh.disabled:focus{background:var(--colors-rdsColorBackground-defaultColor,var(--colors-background-default,#FFFFFF));opacity:0.25;}/*!sc*/
.fZOuPh img,.fZOuPh svg{width:20px;height:20px;}/*!sc*/
.fZOuPh:disabled,.fZOuPh.disabled{cursor:not-allowed;}/*!sc*/
data-styled.g24[id="sc-89ccdc56-0"]{content:"iPRcRz,iCGQYF,jJlGoP,dQoxbr,geKTLL,fZOuPh,"}/*!sc*/
.gRqtFw{position:relative;border:1px solid transparent;margin:0;cursor:pointer;outline:none;text-align:left;-webkit-text-decoration:none;text-decoration:none;display:-webkit-inline-box;display:-webkit-inline-flex;display:-ms-inline-flexbox;display:inline-flex;-webkit-align-items:center;-webkit-box-align:center;-ms-flex-align:center;align-items:center;vertical-align:top;border-radius:var(--borderRadius-round,9999px);border-color:var(--colors-rdsColorInteractive-secondary,#212121);background:var(--colors-rdsColorBackground-defaultColor,var(--colors-background-default,#FFFFFF));color:var(--colors-rdsColorInteractive-secondary,#212121);padding:6px 16px;font-family:var(--typography-utility_strong_200-fontFamily,var(--typography-body-fontFamilySemiBold,var(--typography-body-fontFamily,"SourceSansPro-SemiBold","Lucida Sans",sans-serif)));font-size:var(--typography-utility_strong_200-fontSize,0.875rem);line-height:var(--typography-utility_strong_200-lineHeight,1.25rem);font-weight:var(--typography-utility_strong_200-fontWeight,400);-webkit-letter-spacing:var(--typography-utility_strong_200-letterSpacing,0.16px);-moz-letter-spacing:var(--typography-utility_strong_200-letterSpacing,0.16px);-ms-letter-spacing:var(--typography-utility_strong_200-letterSpacing,0.16px);letter-spacing:var(--typography-utility_strong_200-letterSpacing,0.16px);font-style:var(--typography-utility_strong_200-fontStyle,normal);}/*!sc*/
.gRqtFw:focus{z-index:1;outline-color:transparent;box-shadow:0 0 0 2px var(--colors-rdsColorInteractive-inverse,var(--colors-common-white,#FFFFFF)), 0 0 0 4px var(--colors-rdsColorInteractive-focus,var(--colors-info-main,#2670EE));}/*!sc*/
.gRqtFw:focus:not(:focus-visible){box-shadow:none;}/*!sc*/
.gRqtFw:focus-visible{z-index:1;outline-color:transparent;box-shadow:0 0 0 2px var(--colors-rdsColorInteractive-inverse,var(--colors-common-white,#FFFFFF)), 0 0 0 4px var(--colors-rdsColorInteractive-focus,var(--colors-info-main,#2670EE));}/*!sc*/
.gRqtFw svg{color:var(--colors-rdsColorIcon-dark,#212121);}/*!sc*/
.gRqtFw:hover{background:var(--colors-rdsColorInteractive-uiHover,#F5F5F5);}/*!sc*/
.gRqtFw:active{background:var(--colors-rdsColorInteractive-uiActive,#E0E0E0);}/*!sc*/
.gRqtFw:disabled,.gRqtFw:hover:disabled,.gRqtFw:focus:disabled,.gRqtFw.disabled,.gRqtFw.disabled:hover,.gRqtFw.disabled:focus{background:var(--colors-rdsColorBackground-defaultColor,var(--colors-background-default,#FFFFFF));opacity:0.25;}/*!sc*/
.gRqtFw img,.gRqtFw svg{width:16px;height:16px;}/*!sc*/
.gRqtFw:disabled,.gRqtFw.disabled{cursor:not-allowed;}/*!sc*/
.pVtod{position:relative;border:1px solid transparent;margin:0;cursor:pointer;outline:none;text-align:left;-webkit-text-decoration:none;text-decoration:none;display:-webkit-inline-box;display:-webkit-inline-flex;display:-ms-inline-flexbox;display:inline-flex;-webkit-align-items:center;-webkit-box-align:center;-ms-flex-align:center;align-items:center;vertical-align:top;border-radius:var(--borderRadius-round,9999px);border-color:var(--colors-rdsColorInteractive-uiActive,#E0E0E0);background:var(--colors-rdsColorBackground-defaultColor,var(--colors-background-default,#FFFFFF));color:var(--colors-rdsColorInteractive-secondary,#212121);padding:8px 20px;font-family:var(--typography-utility_strong_300-fontFamily,var(--typography-body-fontFamilySemiBold,var(--typography-body-fontFamily,"SourceSansPro-SemiBold","Lucida Sans",sans-serif)));font-size:var(--typography-utility_strong_300-fontSize,1rem);line-height:var(--typography-utility_strong_300-lineHeight,1.5rem);font-weight:var(--typography-utility_strong_300-fontWeight,400);-webkit-letter-spacing:var(--typography-utility_strong_300-letterSpacing,0px);-moz-letter-spacing:var(--typography-utility_strong_300-letterSpacing,0px);-ms-letter-spacing:var(--typography-utility_strong_300-letterSpacing,0px);letter-spacing:var(--typography-utility_strong_300-letterSpacing,0px);font-style:var(--typography-utility_strong_300-fontStyle,normal);}/*!sc*/
.pVtod:focus{z-index:1;outline-color:transparent;box-shadow:0 0 0 2px var(--colors-rdsColorInteractive-inverse,var(--colors-common-white,#FFFFFF)), 0 0 0 4px var(--colors-rdsColorInteractive-focus,var(--colors-info-main,#2670EE));}/*!sc*/
.pVtod:focus:not(:focus-visible){box-shadow:none;}/*!sc*/
.pVtod:focus-visible{z-index:1;outline-color:transparent;box-shadow:0 0 0 2px var(--colors-rdsColorInteractive-inverse,var(--colors-common-white,#FFFFFF)), 0 0 0 4px var(--colors-rdsColorInteractive-focus,var(--colors-info-main,#2670EE));}/*!sc*/
.pVtod svg{color:var(--colors-rdsColorIcon-dark,#212121);}/*!sc*/
.pVtod:hover{background:var(--colors-rdsColorInteractive-uiHover,#F5F5F5);}/*!sc*/
.pVtod:active{background:var(--colors-rdsColorInteractive-uiActive,#E0E0E0);}/*!sc*/
.pVtod:disabled,.pVtod:hover:disabled,.pVtod:focus:disabled,.pVtod.disabled,.pVtod.disabled:hover,.pVtod.disabled:focus{background:var(--colors-rdsColorBackground-defaultColor,var(--colors-background-default,#FFFFFF));opacity:0.25;}/*!sc*/
.pVtod img,.pVtod svg{width:20px;height:20px;}/*!sc*/
.pVtod:disabled,.pVtod.disabled{cursor:not-allowed;}/*!sc*/
.hZKInb{position:relative;border:1px solid transparent;margin:0;cursor:pointer;outline:none;text-align:left;-webkit-text-decoration:none;text-decoration:none;display:-webkit-inline-box;display:-webkit-inline-flex;display:-ms-inline-flexbox;display:inline-flex;-webkit-align-items:center;-webkit-box-align:center;-ms-flex-align:center;align-items:center;vertical-align:top;border-radius:var(--borderRadius-round,9999px);border-color:transparent;-webkit-text-decoration:underline;text-decoration:underline;background:transparent;color:var(--colors-rdsColorInteractive-secondary,#212121);padding:12px 24px;font-family:var(--typography-utility_strong_400-fontFamily,var(--typography-body-fontFamilySemiBold,var(--typography-body-fontFamily,"SourceSansPro-SemiBold","Lucida Sans",sans-serif)));font-size:var(--typography-utility_strong_400-fontSize,1.125rem);line-height:var(--typography-utility_strong_400-lineHeight,1.5rem);font-weight:var(--typography-utility_strong_400-fontWeight,400);-webkit-letter-spacing:var(--typography-utility_strong_400-letterSpacing,0px);-moz-letter-spacing:var(--typography-utility_strong_400-letterSpacing,0px);-ms-letter-spacing:var(--typography-utility_strong_400-letterSpacing,0px);letter-spacing:var(--typography-utility_strong_400-letterSpacing,0px);font-style:var(--typography-utility_strong_400-fontStyle,normal);padding:12px;}/*!sc*/
.hZKInb:focus{z-index:1;outline-color:transparent;box-shadow:0 0 0 2px var(--colors-rdsColorInteractive-inverse,var(--colors-common-white,#FFFFFF)), 0 0 0 4px var(--colors-rdsColorInteractive-focus,var(--colors-info-main,#2670EE));}/*!sc*/
.hZKInb:focus:not(:focus-visible){box-shadow:none;}/*!sc*/
.hZKInb:focus-visible{z-index:1;outline-color:transparent;box-shadow:0 0 0 2px var(--colors-rdsColorInteractive-inverse,var(--colors-common-white,#FFFFFF)), 0 0 0 4px var(--colors-rdsColorInteractive-focus,var(--colors-info-main,#2670EE));}/*!sc*/
.hZKInb svg{color:var(--colors-rdsColorIcon-dark,#212121);}/*!sc*/
.hZKInb:hover{background:var(--colors-rdsColorInteractive-uiHover,#F5F5F5);border-color:var(--colors-rdsColorInteractive-secondary,#212121);}/*!sc*/
.hZKInb:active{background:var(--colors-rdsColorInteractive-uiActive,#E0E0E0);}/*!sc*/
.hZKInb:disabled,.hZKInb:hover:disabled,.hZKInb:focus:disabled,.hZKInb.disabled,.hZKInb.disabled:hover,.hZKInb.disabled:focus{background:var(--colors-rdsColorBackground-defaultColor,var(--colors-background-default,#FFFFFF));opacity:0.25;}/*!sc*/
.hZKInb img,.hZKInb svg{width:24px;height:24px;}/*!sc*/
.hZKInb:disabled,.hZKInb.disabled{cursor:not-allowed;}/*!sc*/
data-styled.g25[id="sc-89ccdc56-0-a"]{content:"gRqtFw,pVtod,hZKInb,"}/*!sc*/
.iUOqmE{position:absolute;z-index:1;-webkit-transform:translateY(-50%);-ms-transform:translateY(-50%);transform:translateY(-50%);}/*!sc*/
.iUOqmE:not(:focus):not(:active){-webkit-clip:rect(0 0 0 0);clip:rect(0 0 0 0);-webkit-clip-path:inset(50%);clip-path:inset(50%);height:1px;overflow:hidden;position:absolute;white-space:nowrap;width:1px;}/*!sc*/
data-styled.g26[id="sc-8af4e7be-0"]{content:"iUOqmE,"}/*!sc*/
.grReTJ{font-family:var(--typography-body_long_strong_300-fontFamily,var(--typography-body-fontFamilySemiBold,var(--typography-body-fontFamily,"SourceSansPro-SemiBold","Lucida Sans",sans-serif)));font-size:var(--typography-body_long_strong_300-fontSize,1rem);line-height:var(--typography-body_long_strong_300-lineHeight,1.75rem);font-weight:var(--typography-body_long_strong_300-fontWeight,400);-webkit-letter-spacing:var(--typography-body_long_strong_300-letterSpacing,0px);-moz-letter-spacing:var(--typography-body_long_strong_300-letterSpacing,0px);-ms-letter-spacing:var(--typography-body_long_strong_300-letterSpacing,0px);letter-spacing:var(--typography-body_long_strong_300-letterSpacing,0px);font-style:var(--typography-body_long_strong_300-fontStyle,normal);line-height:20px;padding:2px 12px;display:-webkit-inline-box;display:-webkit-inline-flex;display:-ms-inline-flexbox;display:inline-flex;-webkit-box-pack:center;-webkit-justify-content:center;-ms-flex-pack:center;justify-content:center;min-width:32px;border-radius:var(--borderRadius-softest,16px);background-color:var(--colors-rdsColorBackground-tertiary,#E0E0E0);color:var(--colors-rdsColorAccent-tertiary,#212121);}/*!sc*/
.grReTJ .svg-wrapper{-webkit-align-self:center;-ms-flex-item-align:center;align-self:center;display:-webkit-inline-box;display:-webkit-inline-flex;display:-ms-inline-flexbox;display:inline-flex;margin-right:4px;margin-left:-4px;}/*!sc*/
.grReTJ .svg-wrapper svg{width:16px;height:16px;}/*!sc*/
.grReTJ.is-small{font-size:12px;line-height:16px;padding:2px 8px;}/*!sc*/
.grReTJ.is-large{line-height:24px;padding:4px 16px;}/*!sc*/
.grReTJ.is-large svg{width:24px;height:24px;}/*!sc*/
.grReTJ.is-large .svg-wrapper{margin-right:8px;margin-left:-8px;}/*!sc*/
.ezeMjE{font-family:var(--typography-body_long_strong_300-fontFamily,var(--typography-body-fontFamilySemiBold,var(--typography-body-fontFamily,"SourceSansPro-SemiBold","Lucida Sans",sans-serif)));font-size:var(--typography-body_long_strong_300-fontSize,1rem);line-height:var(--typography-body_long_strong_300-lineHeight,1.75rem);font-weight:var(--typography-body_long_strong_300-fontWeight,400);-webkit-letter-spacing:var(--typography-body_long_strong_300-letterSpacing,0px);-moz-letter-spacing:var(--typography-body_long_strong_300-letterSpacing,0px);-ms-letter-spacing:var(--typography-body_long_strong_300-letterSpacing,0px);letter-spacing:var(--typography-body_long_strong_300-letterSpacing,0px);font-style:var(--typography-body_long_strong_300-fontStyle,normal);line-height:20px;padding:2px 12px;display:-webkit-inline-box;display:-webkit-inline-flex;display:-ms-inline-flexbox;display:inline-flex;-webkit-box-pack:center;-webkit-justify-content:center;-ms-flex-pack:center;justify-content:center;min-width:32px;border-radius:var(--borderRadius-softest,16px);background-color:var(--colors-rdsColorBackground-specials,#FEDC02);color:var(--colors-rdsColorAccent-tertiary,#212121);}/*!sc*/
.ezeMjE .svg-wrapper{-webkit-align-self:center;-ms-flex-item-align:center;align-self:center;display:-webkit-inline-box;display:-webkit-inline-flex;display:-ms-inline-flexbox;display:inline-flex;margin-right:4px;margin-left:-4px;}/*!sc*/
.ezeMjE .svg-wrapper svg{width:16px;height:16px;}/*!sc*/
.ezeMjE.is-small{font-size:12px;line-height:16px;padding:2px 8px;}/*!sc*/
.ezeMjE.is-large{line-height:24px;padding:4px 16px;}/*!sc*/
.ezeMjE.is-large svg{width:24px;height:24px;}/*!sc*/
.ezeMjE.is-large .svg-wrapper{margin-right:8px;margin-left:-8px;}/*!sc*/
data-styled.g71[id="sc-c74b40a4-0"]{content:"grReTJ,ezeMjE,"}/*!sc*/
.kStxxR{position:relative;display:-webkit-box;display:-webkit-flex;display:-ms-flexbox;display:flex;-webkit-flex-direction:column;-ms-flex-direction:column;flex-direction:column;-webkit-align-items:center;-webkit-box-align:center;-ms-flex-align:center;align-items:center;-webkit-box-pack:center;-webkit-justify-content:center;-ms-flex-pack:center;justify-content:center;text-transform:uppercase;background-color:var(--colors-rdsColorBackground-defaultColor,var(--colors-background-default,#FFFFFF));width:3.875rem;height:3.875rem;border:0.375rem solid;color:var(--colors-rdsColorText-dark,#212121);border-color:var(--colors-rdsColorBorder-brand,var(--colors-primary-main,#E01A22));box-shadow:0px 0px 0px 0.125rem var(--colors-rdsColorBorder-inverse,#FFFFFF);border-radius:var(--borderRadius-round,9999px);padding:0.25rem;}/*!sc*/
.kStxxR .roundel-text{font-family:var(--typography-roundel_bold-fontFamily,var(--typography-heading-fontFamilyBold,var(--typography-heading-fontFamily,"AvantGardeGothic-bold","Arial Black",sans-serif)));font-size:var(--typography-roundel_bold-fontSize,1rem);line-height:var(--typography-roundel_bold-lineHeight,1.5rem);font-weight:var(--typography-roundel_bold-fontWeight,900);-webkit-letter-spacing:var(--typography-roundel_bold-letterSpacing,0);-moz-letter-spacing:var(--typography-roundel_bold-letterSpacing,0);-ms-letter-spacing:var(--typography-roundel_bold-letterSpacing,0);letter-spacing:var(--typography-roundel_bold-letterSpacing,0);font-style:var(--typography-roundel_bold-fontStyle,normal);text-align:center;line-height:1.1em;}/*!sc*/
.kStxxR .roundel-text.big-pack-value,.kStxxR .roundel-text.while-stocks-last,.kStxxR .roundel-text.this-week-only{font-size:0.6875rem;}/*!sc*/
.kStxxR .roundel-text.big-pack-value{margin-top:-0.1875rem;}/*!sc*/
.kStxxR .roundel-text.while-stocks-last{margin-top:0.125rem;}/*!sc*/
.kStxxR .roundel-text.reduced-to-clear{font-size:0.5rem;}/*!sc*/
.kStxxR .roundel-text.new{font-size:1.125rem;}/*!sc*/
.kStxxR .roundel-text.down-down,.kStxxR .roundel-text.try-now,.kStxxR .roundel-text.every-day{font-size:0.75rem;}/*!sc*/
.kStxxR .roundel-text.locked{margin-top:0.125rem;font-size:0.6875rem;}/*!sc*/
.kStxxR .roundel-text.dropped-and-locked{margin-top:0.25rem;font-size:0.5625rem;}/*!sc*/
.kStxxR .roundel-text.every-day{margin-top:4px;}/*!sc*/
.kStxxR .roundel-text.fly-buys-online-only{font-size:14px;}/*!sc*/
.kStxxR .roundel-text.simple-fixed-price-specials,.kStxxR .roundel-text.multi_save,.kStxxR .roundel-text.mix_save{-webkit-letter-spacing:-0.03125rem;-moz-letter-spacing:-0.03125rem;-ms-letter-spacing:-0.03125rem;letter-spacing:-0.03125rem;font-size:0.6875rem;line-height:1.1em;}/*!sc*/
.kStxxR .roundel-text.simple-fixed-price-specials-online-only,.kStxxR .roundel-text.complex-promotion-online-only{-webkit-letter-spacing:-0.03125rem;-moz-letter-spacing:-0.03125rem;-ms-letter-spacing:-0.03125rem;letter-spacing:-0.03125rem;font-size:0.6875rem;margin-top:0.125rem;}/*!sc*/
.kStxxR .roundel-text.bonus-campaign-credits{font-size:0.5625rem;width:3.375rem;background-color:var(--colors-rdsColorBackground-brand,var(--colors-primary-main,#E01A22));color:var(--colors-rdsColorText-inverse,var(--colors-common-white,#FFFFFF));padding:0.25rem;border-radius:var(--borderRadius-default,4px);margin-top:0.25rem;text-transform:initial;line-height:1.2em;}/*!sc*/
.kStxxR .roundel-text.campaign-free-credits{font-size:0.5625rem;width:3.125rem;background-color:var(--colors-rdsColorBackground-brand,var(--colors-primary-main,#E01A22));color:var(--colors-rdsColorText-inverse,var(--colors-common-white,#FFFFFF));padding:0.25rem;border-radius:var(--borderRadius-default,4px);margin-top:0.25rem;text-transform:initial;line-height:1.2em;}/*!sc*/
.kStxxR .roundel-text.new-at-coles,.kStxxR .roundel-text.new-only-at-coles,.kStxxR .roundel-text.only-at-coles{font-size:0.5rem;word-spacing:revert;line-height:0.75rem;}/*!sc*/
.kStxxR .roundel-text.new-at-coles::first-line,.kStxxR .roundel-text.new-only-at-coles::first-line,.kStxxR .roundel-text.only-at-coles::first-line{font-size:0.5625rem;word-spacing:1px;}/*!sc*/
.kStxxR .roundel-text.new-at-coles + .roundel-adornment svg,.kStxxR .roundel-text.new-only-at-coles + .roundel-adornment svg,.kStxxR .roundel-text.only-at-coles + .roundel-adornment svg{padding-top:0.125rem;height:0.6875rem;}/*!sc*/
.kStxxR .roundel-icon.fly-buys svg{padding-top:0.25rem;width:100%;}/*!sc*/
.kStxxR .roundel-icon.fly-buys-online-only svg{padding-top:0.125rem;height:0.875rem;}/*!sc*/
.kStxxR .roundel-adornment{font-family:var(--typography-roundel_bold-fontFamily,var(--typography-heading-fontFamilyBold,var(--typography-heading-fontFamily,"AvantGardeGothic-bold","Arial Black",sans-serif)));font-size:var(--typography-roundel_bold-fontSize,1rem);line-height:var(--typography-roundel_bold-lineHeight,1.5rem);font-weight:var(--typography-roundel_bold-fontWeight,900);-webkit-letter-spacing:var(--typography-roundel_bold-letterSpacing,0);-moz-letter-spacing:var(--typography-roundel_bold-letterSpacing,0);-ms-letter-spacing:var(--typography-roundel_bold-letterSpacing,0);letter-spacing:var(--typography-roundel_bold-letterSpacing,0);font-style:var(--typography-roundel_bold-fontStyle,normal);text-align:center;line-height:0.7em;}/*!sc*/
.kStxxR .roundel-adornment.fly-buys-online-only{color:var(--colors-rdsColorPromo-flyBuys,#007CC2);font-size:0.6875rem;line-height:0.6875rem;margin-top:-0.1875rem;}/*!sc*/
.kStxxR .roundel-adornment.simple-fixed-price-specials{font-size:0.875rem;}/*!sc*/
.kStxxR .roundel-adornment.simple-fixed-price-specials.is-half-price{font-size:0.75rem;}/*!sc*/
.kStxxR .roundel-adornment.simple-fixed-price-specials-online-only,.kStxxR .roundel-adornment.complex-promotion-online-only{font-size:0.75rem;line-height:1em;}/*!sc*/
.kStxxR .roundel-adornment.bonus-campaign-credits{font-size:0.5625rem;line-height:1em;color:var(--colors-rdsColorText-inverse,var(--colors-common-white,#FFFFFF));padding-top:0.25rem;}/*!sc*/
.kStxxR .roundel-adornment.campaign-free-credits{font-size:0.5625rem;line-height:1em;color:var(--colors-rdsColorText-inverse,var(--colors-common-white,#FFFFFF));padding-top:0.25rem;}/*!sc*/
.kStxxR .roundel-adornment.free-click-and-collect-rapid,.kStxxR .roundel-adornment.free-same-day-delivery{font-size:0.5rem;line-height:1em;white-space:pre;}/*!sc*/
.kStxxR .roundel-online-badge{font-family:var(--typography-roundel_bold-fontFamily,var(--typography-heading-fontFamilyBold,var(--typography-heading-fontFamily,"AvantGardeGothic-bold","Arial Black",sans-serif)));font-size:var(--typography-roundel_bold-fontSize,1rem);line-height:var(--typography-roundel_bold-lineHeight,1.5rem);font-weight:var(--typography-roundel_bold-fontWeight,900);-webkit-letter-spacing:var(--typography-roundel_bold-letterSpacing,0);-moz-letter-spacing:var(--typography-roundel_bold-letterSpacing,0);-ms-letter-spacing:var(--typography-roundel_bold-letterSpacing,0);letter-spacing:var(--typography-roundel_bold-letterSpacing,0);font-style:var(--typography-roundel_bold-fontStyle,normal);text-align:center;display:none;}/*!sc*/
.bzEQpA{position:relative;display:-webkit-box;display:-webkit-flex;display:-ms-flexbox;display:flex;-webkit-flex-direction:column;-ms-flex-direction:column;flex-direction:column;-webkit-align-items:center;-webkit-box-align:center;-ms-flex-align:center;align-items:center;-webkit-box-pack:center;-webkit-justify-content:center;-ms-flex-pack:center;justify-content:center;text-transform:uppercase;background-color:var(--colors-rdsColorBackground-defaultColor,var(--colors-background-default,#FFFFFF));width:3.875rem;height:3.875rem;border:0.375rem solid;color:var(--colors-rdsColorText-dark,#212121);border-color:var(--colors-rdsColorBorder-brand,var(--colors-primary-main,#E01A22));box-shadow:0px 0px 0px 0.125rem var(--colors-rdsColorBorder-inverse,#FFFFFF);border-radius:var(--borderRadius-round,9999px);padding:0.25rem;}/*!sc*/
.bzEQpA .roundel-text{font-family:var(--typography-roundel_bold-fontFamily,var(--typography-heading-fontFamilyBold,var(--typography-heading-fontFamily,"AvantGardeGothic-bold","Arial Black",sans-serif)));font-size:var(--typography-roundel_bold-fontSize,1rem);line-height:var(--typography-roundel_bold-lineHeight,1.5rem);font-weight:var(--typography-roundel_bold-fontWeight,900);-webkit-letter-spacing:var(--typography-roundel_bold-letterSpacing,0);-moz-letter-spacing:var(--typography-roundel_bold-letterSpacing,0);-ms-letter-spacing:var(--typography-roundel_bold-letterSpacing,0);letter-spacing:var(--typography-roundel_bold-letterSpacing,0);font-style:var(--typography-roundel_bold-fontStyle,normal);text-align:center;line-height:1.1em;}/*!sc*/
.bzEQpA .roundel-text.big-pack-value,.bzEQpA .roundel-text.while-stocks-last,.bzEQpA .roundel-text.this-week-only{font-size:0.6875rem;}/*!sc*/
.bzEQpA .roundel-text.big-pack-value{margin-top:-0.1875rem;}/*!sc*/
.bzEQpA .roundel-text.while-stocks-last{margin-top:0.125rem;}/*!sc*/
.bzEQpA .roundel-text.reduced-to-clear{font-size:0.5rem;}/*!sc*/
.bzEQpA .roundel-text.new{font-size:1.125rem;}/*!sc*/
.bzEQpA .roundel-text.down-down,.bzEQpA .roundel-text.try-now,.bzEQpA .roundel-text.every-day{font-size:0.75rem;}/*!sc*/
.bzEQpA .roundel-text.locked{margin-top:0.125rem;font-size:0.6875rem;}/*!sc*/
.bzEQpA .roundel-text.dropped-and-locked{margin-top:0.25rem;font-size:0.5625rem;}/*!sc*/
.bzEQpA .roundel-text.every-day{margin-top:4px;}/*!sc*/
.bzEQpA .roundel-text.fly-buys-online-only{font-size:14px;}/*!sc*/
.bzEQpA .roundel-text.simple-fixed-price-specials,.bzEQpA .roundel-text.multi_save,.bzEQpA .roundel-text.mix_save{-webkit-letter-spacing:-0.03125rem;-moz-letter-spacing:-0.03125rem;-ms-letter-spacing:-0.03125rem;letter-spacing:-0.03125rem;line-height:1.1em;}/*!sc*/
.bzEQpA .roundel-text.simple-fixed-price-specials-online-only,.bzEQpA .roundel-text.complex-promotion-online-only{-webkit-letter-spacing:-0.03125rem;-moz-letter-spacing:-0.03125rem;-ms-letter-spacing:-0.03125rem;letter-spacing:-0.03125rem;}/*!sc*/
.bzEQpA .roundel-text.bonus-campaign-credits{font-size:0.5625rem;width:3.375rem;background-color:var(--colors-rdsColorBackground-brand,var(--colors-primary-main,#E01A22));color:var(--colors-rdsColorText-inverse,var(--colors-common-white,#FFFFFF));padding:0.25rem;border-radius:var(--borderRadius-default,4px);margin-top:0.25rem;text-transform:initial;line-height:1.2em;}/*!sc*/
.bzEQpA .roundel-text.campaign-free-credits{font-size:0.5625rem;width:3.125rem;background-color:var(--colors-rdsColorBackground-brand,var(--colors-primary-main,#E01A22));color:var(--colors-rdsColorText-inverse,var(--colors-common-white,#FFFFFF));padding:0.25rem;border-radius:var(--borderRadius-default,4px);margin-top:0.25rem;text-transform:initial;line-height:1.2em;}/*!sc*/
.bzEQpA .roundel-text.new-at-coles,.bzEQpA .roundel-text.new-only-at-coles,.bzEQpA .roundel-text.only-at-coles{font-size:0.5rem;word-spacing:revert;line-height:0.75rem;}/*!sc*/
.bzEQpA .roundel-text.new-at-coles::first-line,.bzEQpA .roundel-text.new-only-at-coles::first-line,.bzEQpA .roundel-text.only-at-coles::first-line{font-size:0.5625rem;word-spacing:1px;}/*!sc*/
.bzEQpA .roundel-text.new-at-coles + .roundel-adornment svg,.bzEQpA .roundel-text.new-only-at-coles + .roundel-adornment svg,.bzEQpA .roundel-text.only-at-coles + .roundel-adornment svg{padding-top:0.125rem;height:0.6875rem;}/*!sc*/
.bzEQpA .roundel-icon.fly-buys svg{padding-top:0.25rem;width:100%;}/*!sc*/
.bzEQpA .roundel-icon.fly-buys-online-only svg{padding-top:0.125rem;height:0.875rem;}/*!sc*/
.bzEQpA .roundel-adornment{font-family:var(--typography-roundel_bold-fontFamily,var(--typography-heading-fontFamilyBold,var(--typography-heading-fontFamily,"AvantGardeGothic-bold","Arial Black",sans-serif)));font-size:var(--typography-roundel_bold-fontSize,1rem);line-height:var(--typography-roundel_bold-lineHeight,1.5rem);font-weight:var(--typography-roundel_bold-fontWeight,900);-webkit-letter-spacing:var(--typography-roundel_bold-letterSpacing,0);-moz-letter-spacing:var(--typography-roundel_bold-letterSpacing,0);-ms-letter-spacing:var(--typography-roundel_bold-letterSpacing,0);letter-spacing:var(--typography-roundel_bold-letterSpacing,0);font-style:var(--typography-roundel_bold-fontStyle,normal);text-align:center;line-height:0.7em;}/*!sc*/
.bzEQpA .roundel-adornment.fly-buys-online-only{color:var(--colors-rdsColorPromo-flyBuys,#007CC2);font-size:0.6875rem;line-height:0.6875rem;margin-top:-0.1875rem;}/*!sc*/
.bzEQpA .roundel-adornment.simple-fixed-price-specials{font-size:0.875rem;}/*!sc*/
.bzEQpA .roundel-adornment.simple-fixed-price-specials.is-half-price{font-size:0.75rem;}/*!sc*/
.bzEQpA .roundel-adornment.simple-fixed-price-specials-online-only,.bzEQpA .roundel-adornment.complex-promotion-online-only{font-size:0.75rem;line-height:1em;}/*!sc*/
.bzEQpA .roundel-adornment.bonus-campaign-credits{font-size:0.5625rem;line-height:1em;color:var(--colors-rdsColorText-inverse,var(--colors-common-white,#FFFFFF));padding-top:0.25rem;}/*!sc*/
.bzEQpA .roundel-adornment.campaign-free-credits{font-size:0.5625rem;line-height:1em;color:var(--colors-rdsColorText-inverse,var(--colors-common-white,#FFFFFF));padding-top:0.25rem;}/*!sc*/
.bzEQpA .roundel-adornment.free-click-and-collect-rapid,.bzEQpA .roundel-adornment.free-same-day-delivery{font-size:0.5rem;line-height:1em;white-space:pre;}/*!sc*/
.bzEQpA .roundel-online-badge{font-family:var(--typography-roundel_bold-fontFamily,var(--typography-heading-fontFamilyBold,var(--typography-heading-fontFamily,"AvantGardeGothic-bold","Arial Black",sans-serif)));font-size:var(--typography-roundel_bold-fontSize,1rem);line-height:var(--typography-roundel_bold-lineHeight,1.5rem);font-weight:var(--typography-roundel_bold-fontWeight,900);-webkit-letter-spacing:var(--typography-roundel_bold-letterSpacing,0);-moz-letter-spacing:var(--typography-roundel_bold-letterSpacing,0);-ms-letter-spacing:var(--typography-roundel_bold-letterSpacing,0);letter-spacing:var(--typography-roundel_bold-letterSpacing,0);font-style:var(--typography-roundel_bold-fontStyle,normal);text-align:center;display:none;}/*!sc*/
data-styled.g97[id="sc-fe6dff31-0"]{content:"kStxxR,bzEQpA,"}/*!sc*/
.kKkDBx{border:1px solid transparent;position:relative;height:100%;display:-webkit-box;display:-webkit-flex;display:-ms-flexbox;display:flex;-webkit-flex-direction:column;-ms-flex-direction:column;flex-direction:column;-webkit-box-pack:justify;-webkit-justify-content:space-between;-ms-flex-pack:justify;justify-content:space-between;border:1px solid var(--colors-rdsColorBorder-lightest,#E0E0E0);border-radius:var(--borderRadius-softer,8px);min-height:19.5rem;padding:0.75rem;}/*!sc*/
.kKkDBx:hover{border:1px solid;border-color:var(--colors-rdsColorBorder-lightest,#E0E0E0);border-radius:var(--borderRadius-softer,8px);box-shadow:var(--shadows-shadow3,0px 8px 16px rgba(33,33,33,0.12));}/*!sc*/
.kKkDBx.is-placeholder:hover{border-color:transparent;box-shadow:none;}/*!sc*/
.kKkDBx .product__link{display:block;}/*!sc*/
.kKkDBx .product__link:hover,.kKkDBx .product__link:focus{outline:none;-webkit-text-decoration:none;text-decoration:none;}/*!sc*/
@media (min-width:1200px) and (min-width:0){.kKkDBx{min-height:28.0625rem;}}/*!sc*/
.kKkDBx:hover .product__cta_btn{background-color:var(--colors-rdsColorBackground-brand,var(--colors-primary-main,#E01A22));border-color:var(--colors-rdsColorBackground-brand,var(--colors-primary-main,#E01A22));color:var(--colors-rdsColorBackground-defaultColor,var(--colors-background-default,#FFFFFF));}/*!sc*/
.kKkDBx:hover .product__cta_btn svg{color:var(--colors-rdsColorBackground-defaultColor,var(--colors-background-default,#FFFFFF));}/*!sc*/
.kKkDBx:focus{outline:2px solid var(--colors-rdsColorInteractive-focus,var(--colors-info-main,#2670EE));outline-offset:1px;}/*!sc*/
@media (min-width:1200px) and (min-width:0){.kKkDBx{padding:1rem;}}/*!sc*/
.kKkDBx .product__image_area{position:relative;padding:1rem;height:9.75rem;border-radius:var(--borderRadius-softer,8px) var(--borderRadius-softer,8px) 0 0;margin:-0.75rem;margin-bottom:0px;background-color:#F5F5F5;}/*!sc*/
@media (min-width:480px){.kKkDBx .product__image_area{height:14.9375rem;}}/*!sc*/
@media (min-width:1200px) and (min-width:0){.kKkDBx .product__image_area{margin:-1rem;margin-bottom:0px;}}/*!sc*/
.kKkDBx .product__image_area .product__background_image{border-radius:var(--borderRadius-softer,8px) var(--borderRadius-softer,8px) 0 0;}/*!sc*/
.kKkDBx .product__image_area .product__link{display:-webkit-box;display:-webkit-flex;display:-ms-flexbox;display:flex;-webkit-box-pack:center;-webkit-justify-content:center;-ms-flex-pack:center;justify-content:center;position:relative;width:100%;height:100%;}/*!sc*/
.kKkDBx .product__image_area .product__badge{position:absolute;top:0;left:0;z-index:1;width:6rem;height:6rem;padding:inherit;}/*!sc*/
.kKkDBx .product__title_area{margin-bottom:auto;padding:1rem 0;}/*!sc*/
@media (min-width:1200px) and (min-width:0){.kKkDBx .product__title_area{padding:1.5rem 0;}}/*!sc*/
.kKkDBx .product__title_area .product__link{height:auto;}/*!sc*/
.kKkDBx .product__title_area .product__link .product__title{color:var(--colors-rdsColorText-dark,#212121);font-family:var(--typography-heading_300-fontFamily,var(--typography-heading-fontFamily,"AvantGardeGothic",Arial,sans-serif));font-size:var(--typography-heading_300-fontSize,1rem);line-height:var(--typography-heading_300-lineHeight,1.5rem);font-weight:var(--typography-heading_300-fontWeight,700);-webkit-letter-spacing:var(--typography-heading_300-letterSpacing,0px);-moz-letter-spacing:var(--typography-heading_300-letterSpacing,0px);-ms-letter-spacing:var(--typography-heading_300-letterSpacing,0px);letter-spacing:var(--typography-heading_300-letterSpacing,0px);font-style:var(--typography-heading_300-fontStyle,normal);}/*!sc*/
.kKkDBx .product__title_area .product__description .product__link{padding:0.5rem 0;font-family:var(--typography-utility_300-fontFamily,var(--typography-body-fontFamily,"SourceSansPro-Regular","Lucida Sans",sans-serif));font-size:var(--typography-utility_300-fontSize,1rem);line-height:var(--typography-utility_300-lineHeight,1.5rem);font-weight:var(--typography-utility_300-fontWeight,400);-webkit-letter-spacing:var(--typography-utility_300-letterSpacing,0px);-moz-letter-spacing:var(--typography-utility_300-letterSpacing,0px);-ms-letter-spacing:var(--typography-utility_300-letterSpacing,0px);letter-spacing:var(--typography-utility_300-letterSpacing,0px);font-style:var(--typography-utility_300-fontStyle,normal);color:var(--colors-rdsColorText-light,#6F6F6F);}/*!sc*/
.kKkDBx .product__title_area .product__description:last-child .product__link{padding-bottom:0;}/*!sc*/
.kKkDBx .product__disclaimer{font-family:var(--typography-utility_200-fontFamily,var(--typography-body-fontFamily,"SourceSansPro-Regular","Lucida Sans",sans-serif));font-size:var(--typography-utility_200-fontSize,0.875rem);line-height:var(--typography-utility_200-lineHeight,1.25rem);font-weight:var(--typography-utility_200-fontWeight,400);-webkit-letter-spacing:var(--typography-utility_200-letterSpacing,0.16px);-moz-letter-spacing:var(--typography-utility_200-letterSpacing,0.16px);-ms-letter-spacing:var(--typography-utility_200-letterSpacing,0.16px);letter-spacing:var(--typography-utility_200-letterSpacing,0.16px);font-style:var(--typography-utility_200-fontStyle,normal);color:var(--colors-rdsColorText-light,#6F6F6F);}/*!sc*/
.kKkDBx .product__cta_section{padding-top:1rem;}/*!sc*/
@media (min-width:1200px) and (min-width:0){.kKkDBx .product__cta_section{padding-top:1.25rem;}}/*!sc*/
.kKkDBx .product__cta_section .product__cta_btn{width:100%;height:2.5rem;}/*!sc*/
.kKkDBx .product__cta_section .product__cta_btn:hover{background-color:var(--colors-rdsColorBackground-brand,var(--colors-primary-main,#E01A22));border-color:var(--colors-rdsColorBackground-brand,var(--colors-primary-main,#E01A22));color:var(--colors-rdsColorBackground-defaultColor,var(--colors-background-default,#FFFFFF));}/*!sc*/
.kKkDBx .product__cta_section .product__cta_btn:hover svg{color:var(--colors-rdsColorBackground-defaultColor,var(--colors-background-default,#FFFFFF));}/*!sc*/
data-styled.g110[id="sc-27868db4-0"]{content:"kKkDBx,"}/*!sc*/
.hyMvJd{display:-webkit-box;display:-webkit-flex;display:-ms-flexbox;display:flex;-webkit-flex-wrap:wrap;-ms-flex-wrap:wrap;flex-wrap:wrap;-webkit-align-items:center;-webkit-box-align:center;-ms-flex-align:center;align-items:center;-webkit-box-pack:center;-webkit-justify-content:center;-ms-flex-pack:center;justify-content:center;padding:0;margin:0;list-style:none;}/*!sc*/
data-styled.g173[id="sc-c6633df8-1"]{content:"hyMvJd,"}/*!sc*/
.frunSQ{border:0px;margin-right:4px;margin-left:4px;}/*!sc*/
.frunSQ:focus{z-index:1;outline-color:transparent;box-shadow:0 0 0 2px var(--colors-rdsColorInteractive-inverse,var(--colors-common-white,#FFFFFF)), 0 0 0 4px var(--colors-rdsColorInteractive-focus,var(--colors-info-main,#2670EE));}/*!sc*/
data-styled.g175[id="sc-c6633df8-3"]{content:"frunSQ,"}/*!sc*/
.bNaBNT.MuiPaginationItem-page{font-family:var(--typography-utility_300-fontFamily,var(--typography-body-fontFamily,"SourceSansPro-Regular","Lucida Sans",sans-serif));font-size:var(--typography-utility_300-fontSize,1rem);line-height:var(--typography-utility_300-lineHeight,1.5rem);font-weight:var(--typography-utility_300-fontWeight,400);-webkit-letter-spacing:var(--typography-utility_300-letterSpacing,0px);-moz-letter-spacing:var(--typography-utility_300-letterSpacing,0px);-ms-letter-spacing:var(--typography-utility_300-letterSpacing,0px);letter-spacing:var(--typography-utility_300-letterSpacing,0px);font-style:var(--typography-utility_300-fontStyle,normal);color:var(--colors-rdsColorText-defaultColor,var(--colors-text-primary,#3D3D3D));height:40px;width:40px;border:0px;border-radius:var(--borderRadius-round,9999px);margin:4px;display:-webkit-box;display:-webkit-flex;display:-ms-flexbox;display:flex;-webkit-align-items:center;-webkit-box-align:center;-ms-flex-align:center;align-items:center;-webkit-box-pack:center;-webkit-justify-content:center;-ms-flex-pack:center;justify-content:center;}/*!sc*/
.bNaBNT.MuiPaginationItem-page:focus,.bNaBNT.MuiPaginationItem-page.Mui-focusVisible:focus{z-index:1;outline-color:transparent;box-shadow:0 0 0 2px var(--colors-rdsColorInteractive-inverse,var(--colors-common-white,#FFFFFF)), 0 0 0 4px var(--colors-rdsColorInteractive-focus,var(--colors-info-main,#2670EE));}/*!sc*/
.bNaBNT.MuiPaginationItem-page.Mui-focusVisible{background:none;font-family:var(--typography-utility_strong_300-fontFamily,var(--typography-body-fontFamilySemiBold,var(--typography-body-fontFamily,"SourceSansPro-SemiBold","Lucida Sans",sans-serif)));font-size:var(--typography-utility_strong_300-fontSize,1rem);line-height:var(--typography-utility_strong_300-lineHeight,1.5rem);font-weight:var(--typography-utility_strong_300-fontWeight,400);-webkit-letter-spacing:var(--typography-utility_strong_300-letterSpacing,0px);-moz-letter-spacing:var(--typography-utility_strong_300-letterSpacing,0px);-ms-letter-spacing:var(--typography-utility_strong_300-letterSpacing,0px);letter-spacing:var(--typography-utility_strong_300-letterSpacing,0px);font-style:var(--typography-utility_strong_300-fontStyle,normal);}/*!sc*/
.bNaBNT.MuiPaginationItem-page.Mui-selected,.bNaBNT.MuiPaginationItem-page.Mui-selected.Mui-focusVisible{background-color:var(--colors-rdsColorBackground-inverse,#212121);color:var(--colors-rdsColorInteractive-inverse,var(--colors-common-white,#FFFFFF));font-family:var(--typography-utility_strong_300-fontFamily,var(--typography-body-fontFamilySemiBold,var(--typography-body-fontFamily,"SourceSansPro-SemiBold","Lucida Sans",sans-serif)));font-size:var(--typography-utility_strong_300-fontSize,1rem);line-height:var(--typography-utility_strong_300-lineHeight,1.5rem);font-weight:var(--typography-utility_strong_300-fontWeight,400);-webkit-letter-spacing:var(--typography-utility_strong_300-letterSpacing,0px);-moz-letter-spacing:var(--typography-utility_strong_300-letterSpacing,0px);-ms-letter-spacing:var(--typography-utility_strong_300-letterSpacing,0px);letter-spacing:var(--typography-utility_strong_300-letterSpacing,0px);font-style:var(--typography-utility_strong_300-fontStyle,normal);}/*!sc*/
.bNaBNT.MuiPaginationItem-page.Mui-selected:focus,.bNaBNT.MuiPaginationItem-page.Mui-selected.Mui-focusVisible:focus{z-index:1;outline-color:transparent;box-shadow:0 0 0 2px var(--colors-rdsColorInteractive-inverse,var(--colors-common-white,#FFFFFF)), 0 0 0 4px var(--colors-rdsColorInteractive-focus,var(--colors-info-main,#2670EE));}/*!sc*/
.bNaBNT.MuiPaginationItem-page.Mui-selected .MuiTouchRipple-root,.bNaBNT.MuiPaginationItem-page.Mui-selected.Mui-focusVisible .MuiTouchRipple-root{display:none;}/*!sc*/
.bNaBNT.MuiPaginationItem-page:hover{background-color:var(--colors-rdsColorBackground-secondary,#F5F5F5);color:var(--colors-rdsColorText-defaultColor,var(--colors-text-primary,#3D3D3D));font-family:var(--typography-utility_strong_300-fontFamily,var(--typography-body-fontFamilySemiBold,var(--typography-body-fontFamily,"SourceSansPro-SemiBold","Lucida Sans",sans-serif)));font-size:var(--typography-utility_strong_300-fontSize,1rem);line-height:var(--typography-utility_strong_300-lineHeight,1.5rem);font-weight:var(--typography-utility_strong_300-fontWeight,400);-webkit-letter-spacing:var(--typography-utility_strong_300-letterSpacing,0px);-moz-letter-spacing:var(--typography-utility_strong_300-letterSpacing,0px);-ms-letter-spacing:var(--typography-utility_strong_300-letterSpacing,0px);letter-spacing:var(--typography-utility_strong_300-letterSpacing,0px);font-style:var(--typography-utility_strong_300-fontStyle,normal);}/*!sc*/
.bNaBNT.MuiPaginationItem-page.Mui-selected:hover{background-color:var(--colors-rdsColorBackground-inverse,#212121);color:var(--colors-rdsColorInteractive-inverse,var(--colors-common-white,#FFFFFF));font-family:var(--typography-utility_strong_300-fontFamily,var(--typography-body-fontFamilySemiBold,var(--typography-body-fontFamily,"SourceSansPro-SemiBold","Lucida Sans",sans-serif)));font-size:var(--typography-utility_strong_300-fontSize,1rem);line-height:var(--typography-utility_strong_300-lineHeight,1.5rem);font-weight:var(--typography-utility_strong_300-fontWeight,400);-webkit-letter-spacing:var(--typography-utility_strong_300-letterSpacing,0px);-moz-letter-spacing:var(--typography-utility_strong_300-letterSpacing,0px);-ms-letter-spacing:var(--typography-utility_strong_300-letterSpacing,0px);letter-spacing:var(--typography-utility_strong_300-letterSpacing,0px);font-style:var(--typography-utility_strong_300-fontStyle,normal);}/*!sc*/
data-styled.g176[id="sc-c6633df8-4"]{content:"bNaBNT,"}/*!sc*/
.jrWUIC{font-family:var(--typography-body_strong_200-fontFamily,var(--typography-body-fontFamilySemiBold,var(--typography-body-fontFamily,"SourceSansPro-SemiBold","Lucida Sans",sans-serif)));font-size:var(--typography-body_strong_200-fontSize,0.875rem);line-height:var(--typography-body_strong_200-lineHeight,1.25rem);font-weight:var(--typography-body_strong_200-fontWeight,400);-webkit-letter-spacing:var(--typography-body_strong_200-letterSpacing,0.16px);-moz-letter-spacing:var(--typography-body_strong_200-letterSpacing,0.16px);-ms-letter-spacing:var(--typography-body_strong_200-letterSpacing,0.16px);letter-spacing:var(--typography-body_strong_200-letterSpacing,0.16px);font-style:var(--typography-body_strong_200-fontStyle,normal);background:var(--colors-rdsColorBackground-secondary,#F5F5F5);color:var(--colors-rdsColorText-dark,#212121);border:0.125rem solid var(--colors-rdsColorBackground-secondary,#F5F5F5);padding:0.25rem 0.875rem;border-radius:var(--borderRadius-round,9999px);display:-webkit-box;display:-webkit-flex;display:-ms-flexbox;display:flex;-webkit-align-items:center;-webkit-box-align:center;-ms-flex-align:center;align-items:center;outline:none;}/*!sc*/
.jrWUIC:focus{z-index:1;outline-color:transparent;box-shadow:0 0 0 2px var(--colors-rdsColorInteractive-inverse,var(--colors-common-white,#FFFFFF)), 0 0 0 4px var(--colors-rdsColorInteractive-focus,var(--colors-info-main,#2670EE));}/*!sc*/
.jrWUIC:focus:not(:focus-visible){box-shadow:none;}/*!sc*/
.jrWUIC:focus-visible{z-index:1;outline-color:transparent;box-shadow:0 0 0 2px var(--colors-rdsColorInteractive-inverse,var(--colors-common-white,#FFFFFF)), 0 0 0 4px var(--colors-rdsColorInteractive-focus,var(--colors-info-main,#2670EE));}/*!sc*/
.jrWUIC .icon-start,.jrWUIC .icon-end{display:-webkit-box;display:-webkit-flex;display:-ms-flexbox;display:flex;}/*!sc*/
.jrWUIC .icon-start svg{margin-right:0.5rem;}/*!sc*/
.jrWUIC .icon-end svg{margin-left:0.5rem;}/*!sc*/
.jrWUIC svg{width:1rem;height:1rem;}/*!sc*/
.jrWUIC:hover{-webkit-text-decoration:underline;text-decoration:underline;cursor:pointer;}/*!sc*/
.jrWUIC:focus,.jrWUIC:active{-webkit-text-decoration:none;text-decoration:none;}/*!sc*/
data-styled.g177[id="sc-fd1034c6-0"]{content:"jrWUIC,"}/*!sc*/
.crNrRA{width:280px;display:-webkit-box;display:-webkit-flex;display:-ms-flexbox;display:flex;-webkit-box-pack:end;-webkit-justify-content:flex-end;-ms-flex-pack:end;justify-content:flex-end;position:relative;}/*!sc*/
.crNrRA .MuiFormControl-root{border-radius:var(--borderRadius-round,9999px);padding:0 8px;}/*!sc*/
.crNrRA .MuiFormControl-root:hover{background-color:var(--colors-rdsColorInteractive-uiHover,#F5F5F5);}/*!sc*/
.crNrRA .MuiFormControl-root:focus-within{box-shadow:0 0 0 2px var(--colors-rdsColorInteractive-focus,var(--colors-info-main,#2670EE));}/*!sc*/
.crNrRA .MuiSelect-select{font-family:var(--typography-body_strong_200-fontFamily,var(--typography-body-fontFamilySemiBold,var(--typography-body-fontFamily,"SourceSansPro-SemiBold","Lucida Sans",sans-serif)));font-size:var(--typography-body_strong_200-fontSize,0.875rem);line-height:var(--typography-body_strong_200-lineHeight,1.25rem);font-weight:var(--typography-body_strong_200-fontWeight,400);-webkit-letter-spacing:var(--typography-body_strong_200-letterSpacing,0.16px);-moz-letter-spacing:var(--typography-body_strong_200-letterSpacing,0.16px);-ms-letter-spacing:var(--typography-body_strong_200-letterSpacing,0.16px);letter-spacing:var(--typography-body_strong_200-letterSpacing,0.16px);font-style:var(--typography-body_strong_200-fontStyle,normal);color:var(--colors-rdsColorText-dark,#212121);padding:6px 22px 6px 0;}/*!sc*/
.crNrRA .MuiSelect-select:after{display:none;}/*!sc*/
.crNrRA .MuiSelect-select > svg{display:none;}/*!sc*/
.crNrRA .MuiSelect-select:focus{background-color:transparent;}/*!sc*/
.crNrRA .MuiInput-underline:before,.crNrRA .MuiInput-underline:after{display:none;}/*!sc*/
.crNrRA .MuiSelect-icon{color:var(--colors-rdsColorIcon-dark,#212121);width:20px;top:calc(50% - 0.75rem);}/*!sc*/
.crNrRA .MuiSelect-iconOpen{-webkit-transform:none;-ms-transform:none;transform:none;}/*!sc*/
data-styled.g190[id="sc-621764c1-0"]{content:"crNrRA,"}/*!sc*/
.cMPOTk{height:40px;}/*!sc*/
@media (max-width:767px){.cMPOTk{height:55px;}}/*!sc*/
data-styled.g232[id="sc-f47847b4-0"]{content:"cMPOTk,"}/*!sc*/
.ictfiu{border:1px solid transparent;position:relative;display:-webkit-box;display:-webkit-flex;display:-ms-flexbox;display:flex;-webkit-flex-direction:column;-ms-flex-direction:column;flex-direction:column;width:100%;height:100%;padding:0.75rem;}/*!sc*/
@media (min-width:480px){.ictfiu:hover{border:1px solid;border-color:var(--colors-rdsColorBorder-lightest,#E0E0E0);border-radius:var(--borderRadius-softer,8px);box-shadow:var(--shadows-shadow3,0px 8px 16px rgba(33,33,33,0.12));}}/*!sc*/
.ictfiu.is-placeholder:hover{border-color:transparent;box-shadow:none;}/*!sc*/
.ictfiu .product__link{display:block;}/*!sc*/
.ictfiu .product__link:hover,.ictfiu .product__link:focus{outline:none;-webkit-text-decoration:underline;text-decoration:underline;}/*!sc*/
.ictfiu .show-on-small-screen{display:none;}/*!sc*/
.ictfiu .hide-on-small-screen{display:block;}/*!sc*/
.ictfiu.small-screen .hide-on-small-screen{display:none;}/*!sc*/
.ictfiu.small-screen .placeholder_is-small{display:block;}/*!sc*/
.ictfiu.small-screen .product__header{display:-webkit-box;display:-webkit-flex;display:-ms-flexbox;display:flex;-webkit-flex-direction:row;-ms-flex-direction:row;flex-direction:row;}/*!sc*/
.ictfiu.small-screen .product__header .product__image_area{-webkit-flex:2;-ms-flex:2;flex:2;margin-right:1rem;}/*!sc*/
.ictfiu.small-screen .product__header .product__message-title_area{-webkit-flex:3;-ms-flex:3;flex:3;}/*!sc*/
.ictfiu.small-screen .product__pricing_area.show-on-small-screen{display:block;min-height:auto;margin-top:0.5rem;}/*!sc*/
.ictfiu:hover .product-tiles-btn{background-color:var(--colors-rdsColorInteractive-primary,var(--colors-primary-main,#E01A22));color:var(--colors-rdsColorBackground-defaultColor,var(--colors-background-default,#FFFFFF));border:none;}/*!sc*/
.ictfiu:hover .product-tiles-btn svg{color:var(--colors-rdsColorBackground-defaultColor,var(--colors-background-default,#FFFFFF));}/*!sc*/
.ictfiu .product-tiles-btn:hover{background-color:var(--colors-rdsColorInteractive-primaryHover,var(--colors-primary-dark,#B9091D));}/*!sc*/
.ictfiu .product-tiles-btn:active{background-color:var(--colors-rdsColorInteractive-primaryActive,#960319);}/*!sc*/
@media (min-width:1200px) and (min-width:0){.ictfiu{padding:1rem;}}/*!sc*/
.ictfiu .product__header{position:relative;}/*!sc*/
.ictfiu .product__header .product__pricing_area{display:none;}/*!sc*/
.ictfiu .product__header .product__link:hover .product__title,.ictfiu .product__header .product__link:focus .product__title{-webkit-text-decoration:underline;text-decoration:underline;}/*!sc*/
.ictfiu .product__header .product__link:focus .product__title{box-shadow:0 0 0 2px var(--colors-rdsColorInteractive-focusInverse,var(--colors-common-white,#FFFFFF)), 0px 0px 0px 0.25rem var(--colors-rdsColorInteractive-focus,var(--colors-info-main,#2670EE));}/*!sc*/
.ictfiu .product__header .product__link .product__title{font-family:var(--typography-utility_strong_300-fontFamily,var(--typography-body-fontFamilySemiBold,var(--typography-body-fontFamily,"SourceSansPro-SemiBold","Lucida Sans",sans-serif)));font-size:var(--typography-utility_strong_300-fontSize,1rem);line-height:var(--typography-utility_strong_300-lineHeight,1.5rem);font-weight:var(--typography-utility_strong_300-fontWeight,400);-webkit-letter-spacing:var(--typography-utility_strong_300-letterSpacing,0px);-moz-letter-spacing:var(--typography-utility_strong_300-letterSpacing,0px);-ms-letter-spacing:var(--typography-utility_strong_300-letterSpacing,0px);letter-spacing:var(--typography-utility_strong_300-letterSpacing,0px);font-style:var(--typography-utility_strong_300-fontStyle,normal);color:var(--colors-rdsColorText-dark,#212121);}/*!sc*/
@media (min-width:480px){.ictfiu .product__header .product__link .product__title{min-height:4.5rem;}}/*!sc*/
.ictfiu .product__header .product__image_area{margin-bottom:0.5rem;}/*!sc*/
.ictfiu .product__header .product__image_area .product__link{display:-webkit-box;display:-webkit-flex;display:-ms-flexbox;display:flex;-webkit-box-pack:center;-webkit-justify-content:center;-ms-flex-pack:center;justify-content:center;padding:2rem 0 0;}/*!sc*/
.ictfiu .product__header .product__image_area .product__link > *{border:1px solid transparent;}/*!sc*/
.ictfiu .product__header .product__image_area .product__link > *:hover{border:1px solid var(--colors-rdsColorBorder-darkest,#212121);}/*!sc*/
.ictfiu .product__header .product__image_area .product__link:focus > *{box-shadow:0 0 0 2px var(--colors-rdsColorInteractive-focusInverse,var(--colors-common-white,#FFFFFF)), 0px 0px 0px 0.25rem var(--colors-rdsColorInteractive-focus,var(--colors-info-main,#2670EE));}/*!sc*/
@media (min-width:768px) and (max-width:1199px){.ictfiu .product__header .product__image_area .product__link{padding:0.5rem 0.5rem 0;}}/*!sc*/
@media (min-width:1200px) and (min-width:0){.ictfiu .product__header .product__image_area .product__link{padding:0.5rem 0.5rem 0;}}/*!sc*/
.ictfiu .product__header .product__message-title_area .product__badge{position:absolute;top:0;left:0;z-index:1;}/*!sc*/
.ictfiu .product__header .product__message-title_area .product__top_messaging{position:absolute;display:-webkit-box;display:-webkit-flex;display:-ms-flexbox;display:flex;-webkit-flex-wrap:nowrap;-ms-flex-wrap:nowrap;flex-wrap:nowrap;overflow-x:hidden;margin-bottom:0.25rem;}/*!sc*/
.ictfiu .product__header .product__message-title_area .product__top_messaging .product__top_messaging__item{-webkit-flex:none;-ms-flex:none;flex:none;font-family:var(--typography-utility_200-fontFamily,var(--typography-body-fontFamily,"SourceSansPro-Regular","Lucida Sans",sans-serif));font-size:var(--typography-utility_200-fontSize,0.875rem);line-height:var(--typography-utility_200-lineHeight,1.25rem);font-weight:var(--typography-utility_200-fontWeight,400);-webkit-letter-spacing:var(--typography-utility_200-letterSpacing,0.16px);-moz-letter-spacing:var(--typography-utility_200-letterSpacing,0.16px);-ms-letter-spacing:var(--typography-utility_200-letterSpacing,0.16px);letter-spacing:var(--typography-utility_200-letterSpacing,0.16px);font-style:var(--typography-utility_200-fontStyle,normal);color:var(--colors-rdsColorText-light,#6F6F6F);}/*!sc*/
.ictfiu .product__header .product__message-title_area .product__top_messaging .product__top_messaging__item:not(:first-child):before{content:' \2022';margin-left:0.25rem;margin-right:0.25rem;}/*!sc*/
.ictfiu .product__header .product__message-title_area .product__top_messaging .product__top_messaging__item .product__top_messages__brought_before{color:var(--colors-rdsColorText-brand,var(--colors-primary-main,#E01A22));}/*!sc*/
.ictfiu .product__header .product__message-title_area .product__link{padding-top:1.5rem;}/*!sc*/
.ictfiu .product__pricing_area{margin-bottom:1rem;}/*!sc*/
@media (min-width:1200px) and (min-width:0){.ictfiu .product__pricing_area .product__pricing{margin-bottom:0.5rem;}}/*!sc*/
.ictfiu .product__offers_description{display:-webkit-box;display:-webkit-flex;display:-ms-flexbox;display:flex;-webkit-flex-direction:column;-ms-flex-direction:column;flex-direction:column;margin-bottom:0.5rem 0;}/*!sc*/
@media (min-width:768px) and (max-width:1199px){.ictfiu .product__offers_description{margin-bottom:1.5rem;}}/*!sc*/
.ictfiu .product__offers_description > *{margin-bottom:0.25rem;}/*!sc*/
.ictfiu .product__offers_description > *:last-child{margin-bottom:0px;}/*!sc*/
.ictfiu .product__offers_description .product_promotion.flybuys{color:var(--colors-rdsColorText-brandFlybuy,#047CC2);font-family:var(--typography-utility_strong_200-fontFamily,var(--typography-body-fontFamilySemiBold,var(--typography-body-fontFamily,"SourceSansPro-SemiBold","Lucida Sans",sans-serif)));font-size:var(--typography-utility_strong_200-fontSize,0.875rem);line-height:var(--typography-utility_strong_200-lineHeight,1.25rem);font-weight:var(--typography-utility_strong_200-fontWeight,400);-webkit-letter-spacing:var(--typography-utility_strong_200-letterSpacing,0.16px);-moz-letter-spacing:var(--typography-utility_strong_200-letterSpacing,0.16px);-ms-letter-spacing:var(--typography-utility_strong_200-letterSpacing,0.16px);letter-spacing:var(--typography-utility_strong_200-letterSpacing,0.16px);font-style:var(--typography-utility_strong_200-fontStyle,normal);}/*!sc*/
.ictfiu .product__offers_description .product_promotion.complex{color:var(--colors-rdsColorText-defaultColor,var(--colors-text-primary,#3D3D3D));font-family:var(--typography-utility_200-fontFamily,var(--typography-body-fontFamily,"SourceSansPro-Regular","Lucida Sans",sans-serif));font-size:var(--typography-utility_200-fontSize,0.875rem);line-height:var(--typography-utility_200-lineHeight,1.25rem);font-weight:var(--typography-utility_200-fontWeight,400);-webkit-letter-spacing:var(--typography-utility_200-letterSpacing,0.16px);-moz-letter-spacing:var(--typography-utility_200-letterSpacing,0.16px);-ms-letter-spacing:var(--typography-utility_200-letterSpacing,0.16px);letter-spacing:var(--typography-utility_200-letterSpacing,0.16px);font-style:var(--typography-utility_200-fontStyle,normal);}/*!sc*/
.ictfiu .product__short_description{font-family:var(--typography-utility_100-fontFamily,var(--typography-body-fontFamily,"SourceSansPro-Regular","Lucida Sans",sans-serif));font-size:var(--typography-utility_100-fontSize,0.75rem);line-height:var(--typography-utility_100-lineHeight,1rem);font-weight:var(--typography-utility_100-fontWeight,400);-webkit-letter-spacing:var(--typography-utility_100-letterSpacing,0.32px);-moz-letter-spacing:var(--typography-utility_100-letterSpacing,0.32px);-ms-letter-spacing:var(--typography-utility_100-letterSpacing,0.32px);letter-spacing:var(--typography-utility_100-letterSpacing,0.32px);font-style:var(--typography-utility_100-fontStyle,normal);color:var(--colors-rdsColorText-light,#6F6F6F);}/*!sc*/
.ictfiu .product__cta_section{height:100%;display:-webkit-box;display:-webkit-flex;display:-ms-flexbox;display:flex;-webkit-flex-direction:column;-ms-flex-direction:column;flex-direction:column;-webkit-box-pack:justify;-webkit-justify-content:space-between;-ms-flex-pack:justify;justify-content:space-between;padding-top:0.5rem;}/*!sc*/
.ictfiu .product__cta_section .product__lists_cta_wrapper{display:-webkit-box;display:-webkit-flex;display:-ms-flexbox;display:flex;-webkit-align-items:center;-webkit-box-align:center;-ms-flex-align:center;align-items:center;}/*!sc*/
.ictfiu .product__cta_section .product__lists_cta_wrapper .product__lists_item_quantity{display:-webkit-box;display:-webkit-flex;display:-ms-flexbox;display:flex;-webkit-flex-direction:column;-ms-flex-direction:column;flex-direction:column;padding-right:1rem;}/*!sc*/
.ictfiu .product__cta_section .product__lists_cta_wrapper .product__lists_item_quantity > p{margin:-0.75rem 0 0.5rem;font-family:var(--typography-utility_strong_200-fontFamily,var(--typography-body-fontFamilySemiBold,var(--typography-body-fontFamily,"SourceSansPro-SemiBold","Lucida Sans",sans-serif)));font-size:var(--typography-utility_strong_200-fontSize,0.875rem);line-height:var(--typography-utility_strong_200-lineHeight,1.25rem);font-weight:var(--typography-utility_strong_200-fontWeight,400);-webkit-letter-spacing:var(--typography-utility_strong_200-letterSpacing,0.16px);-moz-letter-spacing:var(--typography-utility_strong_200-letterSpacing,0.16px);-ms-letter-spacing:var(--typography-utility_strong_200-letterSpacing,0.16px);letter-spacing:var(--typography-utility_strong_200-letterSpacing,0.16px);font-style:var(--typography-utility_strong_200-fontStyle,normal);}/*!sc*/
.ictfiu .product__cta_section .product__lists_cta_wrapper .product__lists_item_quantity > fieldset{padding-bottom:1rem;}/*!sc*/
.ictfiu .product__cta_section .product__lists_cta_wrapper .product__lists_item_quantity.product-unavailable{color:var(--colors-rdsColorText-light,#6F6F6F);position:relative;top:-0.9375rem;}/*!sc*/
.ictfiu .product__cta_section .product__link{color:var(--colors-rdsColorText-brand,var(--colors-primary-main,#E01A22));-webkit-text-decoration:underline;text-decoration:underline;}/*!sc*/
.ictfiu .product__cta_section .product__add_to_cart{width:100%;}/*!sc*/
.ictfiu .product__cta_section .product__unavailable{font-family:var(--typography-utility_strong_300-fontFamily,var(--typography-body-fontFamilySemiBold,var(--typography-body-fontFamily,"SourceSansPro-SemiBold","Lucida Sans",sans-serif)));font-size:var(--typography-utility_strong_300-fontSize,1rem);line-height:var(--typography-utility_strong_300-lineHeight,1.5rem);font-weight:var(--typography-utility_strong_300-fontWeight,400);-webkit-letter-spacing:var(--typography-utility_strong_300-letterSpacing,0px);-moz-letter-spacing:var(--typography-utility_strong_300-letterSpacing,0px);-ms-letter-spacing:var(--typography-utility_strong_300-letterSpacing,0px);letter-spacing:var(--typography-utility_strong_300-letterSpacing,0px);font-style:var(--typography-utility_strong_300-fontStyle,normal);color:var(--colors-rdsColorText-light,#6F6F6F);min-height:2rem;display:-webkit-box;display:-webkit-flex;display:-ms-flexbox;display:flex;-webkit-align-items:center;-webkit-box-align:center;-ms-flex-align:center;align-items:center;line-height:1.1;}/*!sc*/
.ictfiu.small-screen .product__cta_section{padding-top:1rem;}/*!sc*/
.emkMhD{border:1px solid transparent;position:relative;display:-webkit-box;display:-webkit-flex;display:-ms-flexbox;display:flex;-webkit-flex-direction:column;-ms-flex-direction:column;flex-direction:column;width:100%;height:100%;padding:0.75rem;}/*!sc*/
@media (min-width:480px){.emkMhD:hover{border:1px solid;border-color:var(--colors-rdsColorBorder-lightest,#E0E0E0);border-radius:var(--borderRadius-softer,8px);box-shadow:var(--shadows-shadow3,0px 8px 16px rgba(33,33,33,0.12));}}/*!sc*/
.emkMhD.is-placeholder:hover{border-color:transparent;box-shadow:none;}/*!sc*/
.emkMhD .product__link{display:block;}/*!sc*/
.emkMhD .product__link:hover,.emkMhD .product__link:focus{outline:none;-webkit-text-decoration:underline;text-decoration:underline;}/*!sc*/
.emkMhD .show-on-small-screen{display:none;}/*!sc*/
.emkMhD .hide-on-small-screen{display:block;}/*!sc*/
.emkMhD.small-screen .hide-on-small-screen{display:none;}/*!sc*/
.emkMhD.small-screen .placeholder_is-small{display:block;}/*!sc*/
.emkMhD.small-screen .product__header{display:-webkit-box;display:-webkit-flex;display:-ms-flexbox;display:flex;-webkit-flex-direction:row;-ms-flex-direction:row;flex-direction:row;}/*!sc*/
.emkMhD.small-screen .product__header .product__image_area{-webkit-flex:2;-ms-flex:2;flex:2;margin-right:1rem;}/*!sc*/
.emkMhD.small-screen .product__header .product__message-title_area{-webkit-flex:3;-ms-flex:3;flex:3;}/*!sc*/
.emkMhD.small-screen .product__pricing_area.show-on-small-screen{display:block;min-height:auto;margin-top:0.5rem;}/*!sc*/
.emkMhD:hover .product-tiles-btn{background-color:var(--colors-rdsColorInteractive-primary,var(--colors-primary-main,#E01A22));color:var(--colors-rdsColorBackground-defaultColor,var(--colors-background-default,#FFFFFF));border:none;}/*!sc*/
.emkMhD:hover .product-tiles-btn svg{color:var(--colors-rdsColorBackground-defaultColor,var(--colors-background-default,#FFFFFF));}/*!sc*/
.emkMhD .product-tiles-btn:hover{background-color:var(--colors-rdsColorInteractive-primaryHover,var(--colors-primary-dark,#B9091D));}/*!sc*/
.emkMhD .product-tiles-btn:active{background-color:var(--colors-rdsColorInteractive-primaryActive,#960319);}/*!sc*/
@media (min-width:1200px) and (min-width:0){.emkMhD{padding:1rem;}}/*!sc*/
.emkMhD .product__header{position:relative;}/*!sc*/
.emkMhD .product__header .product__pricing_area{display:none;}/*!sc*/
.emkMhD .product__header .product__link:hover .product__title,.emkMhD .product__header .product__link:focus .product__title{-webkit-text-decoration:underline;text-decoration:underline;}/*!sc*/
.emkMhD .product__header .product__link:focus .product__title{box-shadow:0 0 0 2px var(--colors-rdsColorInteractive-focusInverse,var(--colors-common-white,#FFFFFF)), 0px 0px 0px 0.25rem var(--colors-rdsColorInteractive-focus,var(--colors-info-main,#2670EE));}/*!sc*/
.emkMhD .product__header .product__link .product__title{font-family:var(--typography-utility_strong_300-fontFamily,var(--typography-body-fontFamilySemiBold,var(--typography-body-fontFamily,"SourceSansPro-SemiBold","Lucida Sans",sans-serif)));font-size:var(--typography-utility_strong_300-fontSize,1rem);line-height:var(--typography-utility_strong_300-lineHeight,1.5rem);font-weight:var(--typography-utility_strong_300-fontWeight,400);-webkit-letter-spacing:var(--typography-utility_strong_300-letterSpacing,0px);-moz-letter-spacing:var(--typography-utility_strong_300-letterSpacing,0px);-ms-letter-spacing:var(--typography-utility_strong_300-letterSpacing,0px);letter-spacing:var(--typography-utility_strong_300-letterSpacing,0px);font-style:var(--typography-utility_strong_300-fontStyle,normal);color:var(--colors-rdsColorText-dark,#212121);}/*!sc*/
@media (min-width:480px){.emkMhD .product__header .product__link .product__title{min-height:4.5rem;}}/*!sc*/
.emkMhD .product__header .product__image_area{margin-bottom:0.5rem;}/*!sc*/
.emkMhD .product__header .product__image_area .product__link{display:-webkit-box;display:-webkit-flex;display:-ms-flexbox;display:flex;-webkit-box-pack:center;-webkit-justify-content:center;-ms-flex-pack:center;justify-content:center;padding:2rem 0 0;}/*!sc*/
.emkMhD .product__header .product__image_area .product__link > *{border:1px solid transparent;}/*!sc*/
.emkMhD .product__header .product__image_area .product__link > *:hover{border:1px solid var(--colors-rdsColorBorder-darkest,#212121);}/*!sc*/
.emkMhD .product__header .product__image_area .product__link:focus > *{box-shadow:0 0 0 2px var(--colors-rdsColorInteractive-focusInverse,var(--colors-common-white,#FFFFFF)), 0px 0px 0px 0.25rem var(--colors-rdsColorInteractive-focus,var(--colors-info-main,#2670EE));}/*!sc*/
@media (min-width:768px) and (max-width:1199px){.emkMhD .product__header .product__image_area .product__link{padding:0.5rem 0.5rem 0;}}/*!sc*/
@media (min-width:1200px) and (min-width:0){.emkMhD .product__header .product__image_area .product__link{padding:0.5rem 0.5rem 0;}}/*!sc*/
.emkMhD .product__header .product__message-title_area .product__badge{position:absolute;top:0;left:0;z-index:1;}/*!sc*/
.emkMhD .product__header .product__message-title_area .product__top_messaging{position:absolute;display:-webkit-box;display:-webkit-flex;display:-ms-flexbox;display:flex;-webkit-flex-wrap:nowrap;-ms-flex-wrap:nowrap;flex-wrap:nowrap;overflow-x:hidden;margin-bottom:0.25rem;}/*!sc*/
.emkMhD .product__header .product__message-title_area .product__top_messaging .product__top_messaging__item{-webkit-flex:none;-ms-flex:none;flex:none;font-family:var(--typography-utility_200-fontFamily,var(--typography-body-fontFamily,"SourceSansPro-Regular","Lucida Sans",sans-serif));font-size:var(--typography-utility_200-fontSize,0.875rem);line-height:var(--typography-utility_200-lineHeight,1.25rem);font-weight:var(--typography-utility_200-fontWeight,400);-webkit-letter-spacing:var(--typography-utility_200-letterSpacing,0.16px);-moz-letter-spacing:var(--typography-utility_200-letterSpacing,0.16px);-ms-letter-spacing:var(--typography-utility_200-letterSpacing,0.16px);letter-spacing:var(--typography-utility_200-letterSpacing,0.16px);font-style:var(--typography-utility_200-fontStyle,normal);color:var(--colors-rdsColorText-light,#6F6F6F);}/*!sc*/
.emkMhD .product__header .product__message-title_area .product__top_messaging .product__top_messaging__item:not(:first-child):before{content:' \2022';margin-left:0.25rem;margin-right:0.25rem;}/*!sc*/
.emkMhD .product__header .product__message-title_area .product__top_messaging .product__top_messaging__item .product__top_messages__brought_before{color:var(--colors-rdsColorText-brand,var(--colors-primary-main,#E01A22));}/*!sc*/
.emkMhD .product__header .product__message-title_area .product__link{padding-top:1.5rem;}/*!sc*/
.emkMhD .product__pricing_area{margin-bottom:1rem;}/*!sc*/
@media (min-width:1200px) and (min-width:0){.emkMhD .product__pricing_area .product__pricing{margin-bottom:0.5rem;}}/*!sc*/
.emkMhD .product__offers_description{display:-webkit-box;display:-webkit-flex;display:-ms-flexbox;display:flex;-webkit-flex-direction:column;-ms-flex-direction:column;flex-direction:column;margin-bottom:0.5rem 0;}/*!sc*/
@media (min-width:768px) and (max-width:1199px){}/*!sc*/
.emkMhD .product__offers_description > *{margin-bottom:0.25rem;}/*!sc*/
.emkMhD .product__offers_description > *:last-child{margin-bottom:0px;}/*!sc*/
.emkMhD .product__offers_description .product_promotion.flybuys{color:var(--colors-rdsColorText-brandFlybuy,#047CC2);font-family:var(--typography-utility_strong_200-fontFamily,var(--typography-body-fontFamilySemiBold,var(--typography-body-fontFamily,"SourceSansPro-SemiBold","Lucida Sans",sans-serif)));font-size:var(--typography-utility_strong_200-fontSize,0.875rem);line-height:var(--typography-utility_strong_200-lineHeight,1.25rem);font-weight:var(--typography-utility_strong_200-fontWeight,400);-webkit-letter-spacing:var(--typography-utility_strong_200-letterSpacing,0.16px);-moz-letter-spacing:var(--typography-utility_strong_200-letterSpacing,0.16px);-ms-letter-spacing:var(--typography-utility_strong_200-letterSpacing,0.16px);letter-spacing:var(--typography-utility_strong_200-letterSpacing,0.16px);font-style:var(--typography-utility_strong_200-fontStyle,normal);}/*!sc*/
.emkMhD .product__offers_description .product_promotion.complex{color:var(--colors-rdsColorText-defaultColor,var(--colors-text-primary,#3D3D3D));font-family:var(--typography-utility_200-fontFamily,var(--typography-body-fontFamily,"SourceSansPro-Regular","Lucida Sans",sans-serif));font-size:var(--typography-utility_200-fontSize,0.875rem);line-height:var(--typography-utility_200-lineHeight,1.25rem);font-weight:var(--typography-utility_200-fontWeight,400);-webkit-letter-spacing:var(--typography-utility_200-letterSpacing,0.16px);-moz-letter-spacing:var(--typography-utility_200-letterSpacing,0.16px);-ms-letter-spacing:var(--typography-utility_200-letterSpacing,0.16px);letter-spacing:var(--typography-utility_200-letterSpacing,0.16px);font-style:var(--typography-utility_200-fontStyle,normal);}/*!sc*/
.emkMhD .product__short_description{font-family:var(--typography-utility_100-fontFamily,var(--typography-body-fontFamily,"SourceSansPro-Regular","Lucida Sans",sans-serif));font-size:var(--typography-utility_100-fontSize,0.75rem);line-height:var(--typography-utility_100-lineHeight,1rem);font-weight:var(--typography-utility_100-fontWeight,400);-webkit-letter-spacing:var(--typography-utility_100-letterSpacing,0.32px);-moz-letter-spacing:var(--typography-utility_100-letterSpacing,0.32px);-ms-letter-spacing:var(--typography-utility_100-letterSpacing,0.32px);letter-spacing:var(--typography-utility_100-letterSpacing,0.32px);font-style:var(--typography-utility_100-fontStyle,normal);color:var(--colors-rdsColorText-light,#6F6F6F);}/*!sc*/
.emkMhD .product__cta_section{height:100%;display:-webkit-box;display:-webkit-flex;display:-ms-flexbox;display:flex;-webkit-flex-direction:column;-ms-flex-direction:column;flex-direction:column;-webkit-box-pack:justify;-webkit-justify-content:space-between;-ms-flex-pack:justify;justify-content:space-between;padding-top:0.5rem;}/*!sc*/
.emkMhD .product__cta_section .product__lists_cta_wrapper{display:-webkit-box;display:-webkit-flex;display:-ms-flexbox;display:flex;-webkit-align-items:center;-webkit-box-align:center;-ms-flex-align:center;align-items:center;}/*!sc*/
.emkMhD .product__cta_section .product__lists_cta_wrapper .product__lists_item_quantity{display:-webkit-box;display:-webkit-flex;display:-ms-flexbox;display:flex;-webkit-flex-direction:column;-ms-flex-direction:column;flex-direction:column;padding-right:1rem;}/*!sc*/
.emkMhD .product__cta_section .product__lists_cta_wrapper .product__lists_item_quantity > p{margin:-0.75rem 0 0.5rem;font-family:var(--typography-utility_strong_200-fontFamily,var(--typography-body-fontFamilySemiBold,var(--typography-body-fontFamily,"SourceSansPro-SemiBold","Lucida Sans",sans-serif)));font-size:var(--typography-utility_strong_200-fontSize,0.875rem);line-height:var(--typography-utility_strong_200-lineHeight,1.25rem);font-weight:var(--typography-utility_strong_200-fontWeight,400);-webkit-letter-spacing:var(--typography-utility_strong_200-letterSpacing,0.16px);-moz-letter-spacing:var(--typography-utility_strong_200-letterSpacing,0.16px);-ms-letter-spacing:var(--typography-utility_strong_200-letterSpacing,0.16px);letter-spacing:var(--typography-utility_strong_200-letterSpacing,0.16px);font-style:var(--typography-utility_strong_200-fontStyle,normal);}/*!sc*/
.emkMhD .product__cta_section .product__lists_cta_wrapper .product__lists_item_quantity > fieldset{padding-bottom:1rem;}/*!sc*/
.emkMhD .product__cta_section .product__lists_cta_wrapper .product__lists_item_quantity.product-unavailable{color:var(--colors-rdsColorText-light,#6F6F6F);position:relative;top:-0.9375rem;}/*!sc*/
.emkMhD .product__cta_section .product__link{color:var(--colors-rdsColorText-brand,var(--colors-primary-main,#E01A22));-webkit-text-decoration:underline;text-decoration:underline;}/*!sc*/
.emkMhD .product__cta_section .product__add_to_cart{width:100%;}/*!sc*/
.emkMhD .product__cta_section .product__unavailable{font-family:var(--typography-utility_strong_300-fontFamily,var(--typography-body-fontFamilySemiBold,var(--typography-body-fontFamily,"SourceSansPro-SemiBold","Lucida Sans",sans-serif)));font-size:var(--typography-utility_strong_300-fontSize,1rem);line-height:var(--typography-utility_strong_300-lineHeight,1.5rem);font-weight:var(--typography-utility_strong_300-fontWeight,400);-webkit-letter-spacing:var(--typography-utility_strong_300-letterSpacing,0px);-moz-letter-spacing:var(--typography-utility_strong_300-letterSpacing,0px);-ms-letter-spacing:var(--typography-utility_strong_300-letterSpacing,0px);letter-spacing:var(--typography-utility_strong_300-letterSpacing,0px);font-style:var(--typography-utility_strong_300-fontStyle,normal);color:var(--colors-rdsColorText-light,#6F6F6F);min-height:2rem;display:-webkit-box;display:-webkit-flex;display:-ms-flexbox;display:flex;-webkit-align-items:center;-webkit-box-align:center;-ms-flex-align:center;align-items:center;line-height:1.1;}/*!sc*/
.emkMhD.small-screen .product__cta_section{padding-top:1rem;}/*!sc*/
data-styled.g239[id="sc-219848b8-0"]{content:"ictfiu,emkMhD,"}/*!sc*/
.jiBIlJ{margin-top:0.25rem;}/*!sc*/
data-styled.g240[id="sc-219848b8-1"]{content:"jiBIlJ,"}/*!sc*/
.crixsy{display:-webkit-box;display:-webkit-flex;display:-ms-flexbox;display:flex;-webkit-flex-direction:column;-ms-flex-direction:column;flex-direction:column;}/*!sc*/
.crixsy > .price{display:-webkit-box;display:-webkit-flex;display:-ms-flexbox;display:flex;-webkit-flex-wrap:wrap;-ms-flex-wrap:wrap;flex-wrap:wrap;-webkit-align-items:center;-webkit-box-align:center;-ms-flex-align:center;align-items:center;margin-bottom:4px;}/*!sc*/
.crixsy > .price > .price__value{font-family:var(--typography-heading_500-fontFamily,var(--typography-heading-fontFamily,"AvantGardeGothic",Arial,sans-serif));font-size:var(--typography-heading_500-fontSize,1.25rem);line-height:var(--typography-heading_500-lineHeight,1.75rem);font-weight:var(--typography-heading_500-fontWeight,700);-webkit-letter-spacing:var(--typography-heading_500-letterSpacing,0px);-moz-letter-spacing:var(--typography-heading_500-letterSpacing,0px);-ms-letter-spacing:var(--typography-heading_500-letterSpacing,0px);letter-spacing:var(--typography-heading_500-letterSpacing,0px);font-style:var(--typography-heading_500-fontStyle,normal);margin-right:8px;}/*!sc*/
.crixsy > .price__calculation_method{margin-bottom:4px;}/*!sc*/
.crixsy > .price__calculation_method,.crixsy .price__calculation_method__description{font-family:var(--typography-utility_100-fontFamily,var(--typography-body-fontFamily,"SourceSansPro-Regular","Lucida Sans",sans-serif));font-size:var(--typography-utility_100-fontSize,0.75rem);line-height:var(--typography-utility_100-lineHeight,1rem);font-weight:var(--typography-utility_100-fontWeight,400);-webkit-letter-spacing:var(--typography-utility_100-letterSpacing,0.32px);-moz-letter-spacing:var(--typography-utility_100-letterSpacing,0.32px);-ms-letter-spacing:var(--typography-utility_100-letterSpacing,0.32px);letter-spacing:var(--typography-utility_100-letterSpacing,0.32px);font-style:var(--typography-utility_100-fontStyle,normal);color:var(--colors-rdsColorText-light,#6F6F6F);}/*!sc*/
.crixsy .price__promotional-badge{font-family:var(--typography-utility_strong_100-fontFamily,var(--typography-body-fontFamilySemiBold,var(--typography-body-fontFamily,"SourceSansPro-SemiBold","Lucida Sans",sans-serif)));font-size:var(--typography-utility_strong_100-fontSize,0.75rem);line-height:var(--typography-utility_strong_100-lineHeight,1rem);font-weight:var(--typography-utility_strong_100-fontWeight,400);-webkit-letter-spacing:var(--typography-utility_strong_100-letterSpacing,0.32px);-moz-letter-spacing:var(--typography-utility_strong_100-letterSpacing,0.32px);-ms-letter-spacing:var(--typography-utility_strong_100-letterSpacing,0.32px);letter-spacing:var(--typography-utility_strong_100-letterSpacing,0.32px);font-style:var(--typography-utility_strong_100-fontStyle,normal);color:var(--colors-rdsColorText-light,#6F6F6F);}/*!sc*/
.crixsy > .price__dropped_locked{font-family:var(--typography-utility_strong_200-fontFamily,var(--typography-body-fontFamilySemiBold,var(--typography-body-fontFamily,"SourceSansPro-SemiBold","Lucida Sans",sans-serif)));font-size:var(--typography-utility_strong_200-fontSize,0.875rem);line-height:var(--typography-utility_strong_200-lineHeight,1.25rem);font-weight:var(--typography-utility_strong_200-fontWeight,400);-webkit-letter-spacing:var(--typography-utility_strong_200-letterSpacing,0.16px);-moz-letter-spacing:var(--typography-utility_strong_200-letterSpacing,0.16px);-ms-letter-spacing:var(--typography-utility_strong_200-letterSpacing,0.16px);letter-spacing:var(--typography-utility_strong_200-letterSpacing,0.16px);font-style:var(--typography-utility_strong_200-fontStyle,normal);color:var(--colors-rdsColorText-light,#6F6F6F);}/*!sc*/
data-styled.g255[id="sc-13943253-0"]{content:"crixsy,"}/*!sc*/
.jEVjBd{display:-webkit-inline-box;display:-webkit-inline-flex;display:-ms-inline-flexbox;display:inline-flex;width:100%;-webkit-align-items:center;-webkit-box-align:center;-ms-flex-align:center;align-items:center;}/*!sc*/
.jEVjBd .minus-btn,.jEVjBd .plus-btn{width:1.5rem;height:1.5rem;padding:0.125rem;}/*!sc*/
.jEVjBd .product-tiles-btn,.jEVjBd .pdp-btn{height:2.5rem;display:-webkit-box;display:-webkit-flex;display:-ms-flexbox;display:flex;-webkit-box-pack:center;-webkit-justify-content:center;-ms-flex-pack:center;justify-content:center;width:100%;}/*!sc*/
.jEVjBd .quantity-input-wrapper{display:-webkit-box;display:-webkit-flex;display:-ms-flexbox;display:flex;-webkit-align-items:center;-webkit-box-align:center;-ms-flex-align:center;align-items:center;min-width:0;}/*!sc*/
.jEVjBd .product-tiles-btn{background-color:var(--colors-rdsColorBackground-defaultColor,var(--colors-background-default,#FFFFFF));border:1px solid var(--colors-rdsColorBorder-lightest,#E0E0E0);color:var(--colors-rdsColorText-dark,#212121);}/*!sc*/
.jEVjBd .product-tiles-btn svg{color:var(--colors-rdsColorText-dark,#212121);}/*!sc*/
.jEVjBd .product-tiles-btn:hover{background-color:var(--colors-rdsColorBackground-brand,var(--colors-primary-main,#E01A22));border:none;color:var(--colors-rdsColorBackground-defaultColor,var(--colors-background-default,#FFFFFF));}/*!sc*/
.jEVjBd .product-tiles-btn:hover svg{color:var(--colors-rdsColorBackground-defaultColor,var(--colors-background-default,#FFFFFF));}/*!sc*/
.jEVjBd .toggler-wrapper{position:relative;display:-webkit-box;display:-webkit-flex;display:-ms-flexbox;display:flex;-webkit-box-pack:justify;-webkit-justify-content:space-between;-ms-flex-pack:justify;justify-content:space-between;-webkit-align-items:center;-webkit-box-align:center;-ms-flex-align:center;align-items:center;width:100%;border:1px solid var(--colors-rdsColorBorder-lightest,#E0E0E0);border-radius:var(--borderRadius-round,9999px);padding:0.25rem 0.5rem;}/*!sc*/
.jEVjBd .toggler-wrapper .loader-wrapper{width:33%;display:-webkit-box;display:-webkit-flex;display:-ms-flexbox;display:flex;-webkit-box-pack:center;-webkit-justify-content:center;-ms-flex-pack:center;justify-content:center;background-color:var(--colors-rdsColorBackground-defaultColor,var(--colors-background-default,#FFFFFF));position:absolute;left:50%;-webkit-transform:translate(-50%);-ms-transform:translate(-50%);transform:translate(-50%);z-index:1;}/*!sc*/
.jEVjBd .toggler-wrapper:focus{box-shadow:0 0 0 2px var(--colors-rdsColorInteractive-focus,var(--colors-info-main,#2670EE));}/*!sc*/
data-styled.g259[id="sc-92165882-0"]{content:"jEVjBd,"}/*!sc*/
.jRtuel{display:inherit;}/*!sc*/
data-styled.g263[id="sc-7f185998-0"]{content:"jRtuel,"}/*!sc*/
.gHPAk.show-as-pills{padding:4px;margin-left:-8px;white-space:nowrap;}/*!sc*/
data-styled.g291[id="sc-90933588-0"]{content:"gHPAk,"}/*!sc*/
.cOOTYL{list-style:none;padding:0;}/*!sc*/
.cOOTYL li{margin-bottom:8px;}/*!sc*/
.show-as-pills .sc-90933588-1 li{margin-bottom:0;display:inline-block;-webkit-user-select:none;-moz-user-select:none;-ms-user-select:none;user-select:none;padding:4px;}/*!sc*/
.cOOTYL.brand-switcher-wrapper{margin-top:8px;}/*!sc*/
data-styled.g292[id="sc-90933588-1"]{content:"cOOTYL,"}/*!sc*/
.dXLgYS{display:grid;max-width:1440px;grid-template-columns:1fr;-webkit-column-gap:1rem;column-gap:1rem;padding:0 1.5rem 0;margin:0 auto;}/*!sc*/
@media (min-width:768px){.dXLgYS{padding:0 1.5rem 0;}}/*!sc*/
@media (min-width:1024px){.dXLgYS{-webkit-column-gap:1.5rem;column-gap:1.5rem;grid-template-columns:16.125rem 1fr;padding:0 2rem 3rem;}.dXLgYS.is-ep-landing{grid-template-columns:auto;}.dXLgYS .sc-90933588-0{margin-left:-1.5rem;}}/*!sc*/
@media (min-width:1200px){.dXLgYS{padding:0 3rem 3rem;grid-template-columns:17.25rem 1fr;}}/*!sc*/
data-styled.g294[id="sc-7c137f0d-1"]{content:"dXLgYS,"}/*!sc*/
.bEWCZL{grid-column:1;min-width:0;padding-bottom:1rem;}/*!sc*/
@media (min-width:1024px){.bEWCZL.current-level-3 li:first-child .badge,.bEWCZL.current-level-2 li:first-child .badge{display:none;}}/*!sc*/
.bEWCZL.current-level-3 .show-as-pills{display:none;}/*!sc*/
.is-pcp-landing .sc-7c137f0d-2,.is-ep-landing .bEWCZL,.is-on-special .bEWCZL{padding-bottom:0;}/*!sc*/
@media (min-width:1024px){.bEWCZL{padding-top:3rem;padding-right:0.5rem;}}/*!sc*/
data-styled.g295[id="sc-7c137f0d-2"]{content:"bEWCZL,"}/*!sc*/
.kYDetx{position:relative;grid-column:1;}/*!sc*/
.kYDetx .sc-ad9572f6-0{display:none;}/*!sc*/
@media (min-width:1024px){.kYDetx{padding-top:3rem;grid-column:2;}.is-ep-landing .sc-7c137f0d-4{grid-column:1;}.kYDetx .sc-ad9572f6-0{display:-webkit-box;display:-webkit-flex;display:-ms-flexbox;display:flex;padding:1.5rem 0;}}/*!sc*/
.kYDetx:after{content:'';position:absolute;top:0;left:-1.5rem;width:1px;height:calc(100% + 96px);display:none;border-left:1px solid var(--colors-rdsColorBackground-tertiary,#E0E0E0);}/*!sc*/
@media (min-width:1024px){.kYDetx:after{display:block;}}/*!sc*/
data-styled.g297[id="sc-7c137f0d-4"]{content:"kYDetx,"}/*!sc*/
.cVgIgK{display:grid;grid-template-columns:1fr;-webkit-column-gap:0;column-gap:0;margin:0 -1rem;padding:1rem 0;}/*!sc*/
.cVgIgK:before{content:'1';position:absolute;top:0;left:0;width:1px;height:1px;overflow:hidden;}/*!sc*/
@media (min-width:480px){.cVgIgK{grid-template-columns:repeat(2,1fr);gap:1rem;margin:0;}.cVgIgK:before{content:'2';}}/*!sc*/
@media (min-width:768px){.cVgIgK{grid-template-columns:repeat(3,1fr);gap:1rem;margin:0;}.cVgIgK:before{content:'3';}}/*!sc*/
@media only screen and (min-width:900px){.cVgIgK{grid-template-columns:repeat(4,1fr);}.cVgIgK:before{content:'4';}}/*!sc*/
@media (min-width:1024px){.cVgIgK{grid-template-columns:repeat(3,1fr);gap:1.5rem;}.cVgIgK:before{content:'3';}}/*!sc*/
@media (min-width:1200px){.cVgIgK{grid-template-columns:repeat(4,1fr);gap:1.5rem;}.cVgIgK:before{content:'4';}}/*!sc*/
@media (min-width:1344px){.cVgIgK{grid-template-columns:repeat(5,1fr);}.cVgIgK:before{content:'5';}}/*!sc*/
data-styled.g298[id="sc-7c137f0d-5"]{content:"cVgIgK,"}/*!sc*/
.oqgXe{font-family:var(--typography-utility_strong_300-fontFamily,var(--typography-body-fontFamilySemiBold,var(--typography-body-fontFamily,"SourceSansPro-SemiBold","Lucida Sans",sans-serif)));font-size:var(--typography-utility_strong_300-fontSize,1rem);line-height:var(--typography-utility_strong_300-lineHeight,1.5rem);font-weight:var(--typography-utility_strong_300-fontWeight,400);-webkit-letter-spacing:var(--typography-utility_strong_300-letterSpacing,0px);-moz-letter-spacing:var(--typography-utility_strong_300-letterSpacing,0px);-ms-letter-spacing:var(--typography-utility_strong_300-letterSpacing,0px);letter-spacing:var(--typography-utility_strong_300-letterSpacing,0px);font-style:var(--typography-utility_strong_300-fontStyle,normal);color:var(--colors-rdsColorText-defaultColor,var(--colors-text-primary,#3D3D3D));}/*!sc*/
data-styled.g412[id="sc-37e59ee2-0"]{content:"oqgXe,"}/*!sc*/
.eOJTMU.MuiFormHelperText-root{margin:0.5rem 0 0;font-family:var(--typography-utility_100-fontFamily,var(--typography-body-fontFamily,"SourceSansPro-Regular","Lucida Sans",sans-serif));font-size:var(--typography-utility_100-fontSize,0.75rem);line-height:var(--typography-utility_100-lineHeight,1rem);font-weight:var(--typography-utility_100-fontWeight,400);-webkit-letter-spacing:var(--typography-utility_100-letterSpacing,0.32px);-moz-letter-spacing:var(--typography-utility_100-letterSpacing,0.32px);-ms-letter-spacing:var(--typography-utility_100-letterSpacing,0.32px);letter-spacing:var(--typography-utility_100-letterSpacing,0.32px);font-style:var(--typography-utility_100-fontStyle,normal);color:var(--colors-rdsColorText-defaultColor,var(--colors-text-primary,#3D3D3D));}/*!sc*/
.eOJTMU.MuiFormHelperText-root.Mui-error{color:var(--colors-rdsColorFeedback-error,#B9091D);}/*!sc*/
data-styled.g418[id="sc-37e59ee2-6"]{content:"eOJTMU,"}/*!sc*/
.cdPcHh{margin-top:0.5rem;height:3rem;padding:0.75rem 1rem;border-radius:var(--borderRadius-default,4px);background-color:var(--colors-rdsColorBackground-defaultColor,var(--colors-background-default,#FFFFFF));border:1px solid var(--colors-rdsColorBorder-defaultColor,#8D8D8D);outline:none;}/*!sc*/
.cdPcHh:hover:not(.Mui-disabled){border-color:var(--colors-rdsColorBorder-darkest,#212121);}/*!sc*/
.cdPcHh input{font-family:var(--typography-utility_300-fontFamily,var(--typography-body-fontFamily,"SourceSansPro-Regular","Lucida Sans",sans-serif));font-size:var(--typography-utility_300-fontSize,1rem);line-height:var(--typography-utility_300-lineHeight,1.5rem);font-weight:var(--typography-utility_300-fontWeight,400);-webkit-letter-spacing:var(--typography-utility_300-letterSpacing,0px);-moz-letter-spacing:var(--typography-utility_300-letterSpacing,0px);-ms-letter-spacing:var(--typography-utility_300-letterSpacing,0px);letter-spacing:var(--typography-utility_300-letterSpacing,0px);font-style:var(--typography-utility_300-fontStyle,normal);-moz-appearance:textfield;}/*!sc*/
.cdPcHh input::-webkit-outer-spin-button,.cdPcHh input::-webkit-inner-spin-button{-webkit-appearance:none;margin:0;}/*!sc*/
.cdPcHh.Mui-focused{border:2px solid var(--colors-rdsColorFeedback-guidance,var(--colors-info-main,#2670EE));outline:1px solid transparent;}/*!sc*/
.cdPcHh.Mui-error{background:var(--colors-rdsColorFeedback-errorLightest,#FFF5F5);outline:1px solid var(--colors-rdsColorFeedback-error,#B9091D);border:none;}/*!sc*/
.cdPcHh.Mui-disabled{outline:1px solid var(--colors-rdsColorBorder-lightest,#E0E0E0);}/*!sc*/
.cdPcHh.Mui-disabled:hover,.cdPcHh.Mui-disabled *:hover{cursor:not-allowed;}/*!sc*/
.cdPcHh.Mui-disabled svg{color:currentColor;}/*!sc*/
.cdPcHh.MuiFormControl-fullWidth{max-width:100%;}/*!sc*/
.cdPcHh.MuiInputBase-adornedStart .MuiInputBase-input{padding-left:0.75rem;}/*!sc*/
.cdPcHh.MuiInputBase-adornedEnd .MuiInputBase-input{padding-right:0.75rem;}/*!sc*/
data-styled.g419[id="sc-37e59ee2-7"]{content:"cdPcHh,"}/*!sc*/
.Zljmh{display:-webkit-box;display:-webkit-flex;display:-ms-flexbox;display:flex;width:100%;-webkit-box-pack:justify;-webkit-justify-content:space-between;-ms-flex-pack:justify;justify-content:space-between;}/*!sc*/
.Zljmh svg{pointer-events:none;}/*!sc*/
data-styled.g470[id="sc-f1554e33-0"]{content:"Zljmh,"}/*!sc*/
.bVOeKw{position:relative;outline:none;display:-webkit-box;display:-webkit-flex;display:-ms-flexbox;display:flex;-webkit-column-gap:1rem;column-gap:1rem;-webkit-flex-shrink:0;-ms-flex-negative:0;flex-shrink:0;-webkit-align-items:center;-webkit-box-align:center;-ms-flex-align:center;align-items:center;-webkit-box-pack:start;-webkit-justify-content:flex-start;-ms-flex-pack:start;justify-content:flex-start;border-radius:0.5rem;padding:0.75rem 1rem;margin:0 0.5rem;font-family:var(--typography-utility_300-fontFamily,var(--typography-body-fontFamily,"SourceSansPro-Regular","Lucida Sans",sans-serif));font-size:var(--typography-utility_300-fontSize,1rem);line-height:var(--typography-utility_300-lineHeight,1.5rem);font-weight:var(--typography-utility_300-fontWeight,400);-webkit-letter-spacing:var(--typography-utility_300-letterSpacing,0px);-moz-letter-spacing:var(--typography-utility_300-letterSpacing,0px);-ms-letter-spacing:var(--typography-utility_300-letterSpacing,0px);letter-spacing:var(--typography-utility_300-letterSpacing,0px);font-style:var(--typography-utility_300-fontStyle,normal);background:var(--colors-rdsColorBackground-defaultColor,var(--colors-background-default,#FFFFFF));color:var(--colors-rdsColorInteractive-secondary,#212121);}/*!sc*/
.bVOeKw svg{display:-webkit-inline-box;display:-webkit-inline-flex;display:-ms-inline-flexbox;display:inline-flex;min-width:1.5rem;}/*!sc*/
.bVOeKw svg.icon-end{margin-right:-0.5rem;}/*!sc*/
.bVOeKw img{margin:-0.25rem 0;}/*!sc*/
.bVOeKw .badge{margin-right:-0.5rem;font-size:0.875rem;}/*!sc*/
.bVOeKw.is-special,.bVOeKw.is-shop-categories{font-family:var(--typography-heading_200-fontFamily,var(--typography-heading-fontFamily,"AvantGardeGothic",Arial,sans-serif));font-size:var(--typography-heading_200-fontSize,0.875rem);line-height:var(--typography-heading_200-lineHeight,1.25rem);font-weight:var(--typography-heading_200-fontWeight,700);-webkit-letter-spacing:var(--typography-heading_200-letterSpacing,0.16px);-moz-letter-spacing:var(--typography-heading_200-letterSpacing,0.16px);-ms-letter-spacing:var(--typography-heading_200-letterSpacing,0.16px);letter-spacing:var(--typography-heading_200-letterSpacing,0.16px);font-style:var(--typography-heading_200-fontStyle,normal);font-weight:bold;margin:0;padding:0.75rem 0.75rem 0.75rem 1rem;}/*!sc*/
.bVOeKw.is-special{background:var(--colors-rdsColorBackground-specials,#FEDC02);border:0.125rem solid transparent;}/*!sc*/
.bVOeKw.is-special:hover{background:var(--colors-rdsColorAccent-secondaryDark,#ECC104);}/*!sc*/
.bVOeKw.is-special:active{background:var(--colors-rdsColorAccent-secondaryDarker,#CE9E03);}/*!sc*/
.bVOeKw.is-special:focus{background:var(--colors-rdsColorBackground-specials,#FEDC02);border:0.125rem solid var(--colors-rdsColorBackground-specials,#FEDC02);box-shadow:0 0 0 0.125rem var(--colors-rdsColorInteractive-inverse,var(--colors-common-white,#FFFFFF)), 0 0 0 0.25rem var(--colors-rdsColorInteractive-focus,var(--colors-info-main,#2670EE));}/*!sc*/
.bVOeKw.is-special:focus:not(:focus-visible){background:var(--colors-rdsColorBackground-specials,#FEDC02);border:0.125rem solid transparent;box-shadow:none;}/*!sc*/
.bVOeKw.is-special:focus-visible{background:var(--colors-rdsColorBackground-specials,#FEDC02);border:0.125rem solid var(--colors-rdsColorBackground-specials,#FEDC02);box-shadow:0 0 0 0.125rem var(--colors-rdsColorInteractive-inverse,var(--colors-common-white,#FFFFFF)), 0 0 0 0.25rem var(--colors-rdsColorInteractive-focus,var(--colors-info-main,#2670EE));}/*!sc*/
.bVOeKw.is-shop-categories{background:var(--colors-rdsColorBackground-primary,#FFFFFF);border:0.0625rem solid var(--colors-rdsColorBorder-lightest,#E0E0E0);}/*!sc*/
.bVOeKw.is-shop-categories:hover{background:var(--colors-rdsColorBackground-secondary,#F5F5F5);}/*!sc*/
.bVOeKw.is-shop-categories:active{background:var(--colors-rdsColorBackground-tertiary,#E0E0E0);}/*!sc*/
.bVOeKw.is-shop-categories:focus{background:var(--colors-rdsColorBackground-primary,#FFFFFF);border:0.0625rem solid var(--colors-rdsColorBorder-lightest,#E0E0E0);box-shadow:0 0 0 0.125rem var(--colors-rdsColorInteractive-inverse,var(--colors-common-white,#FFFFFF)), 0 0 0 0.25rem var(--colors-rdsColorInteractive-focus,var(--colors-info-main,#2670EE));}/*!sc*/
.bVOeKw.is-shop-categories:focus:not(:focus-visible){background:var(--colors-rdsColorBackground-primary,#FFFFFF);border:0.0625rem solid var(--colors-rdsColorBorder-lightest,#E0E0E0);box-shadow:none;}/*!sc*/
.bVOeKw.is-shop-categories:focus-visible{background:var(--colors-rdsColorBackground-primary,#FFFFFF);border:0.0625rem solid var(--colors-rdsColorBorder-lightest,#E0E0E0);box-shadow:0 0 0 0.125rem var(--colors-rdsColorInteractive-inverse,var(--colors-common-white,#FFFFFF)), 0 0 0 0.25rem var(--colors-rdsColorInteractive-focus,var(--colors-info-main,#2670EE));}/*!sc*/
.bVOeKw.is-active{background:var(--colors-rdsColorInteractive-uiHover,#F5F5F5);}/*!sc*/
.bVOeKw.is-active:before{content:'';width:0.1875rem;height:100%;display:block;background:var(--colors-rdsColorInteractive-primary,var(--colors-primary-main,#E01A22));position:absolute;left:-0.5rem;}/*!sc*/
.bVOeKw.is-active.with-badge:before{display:none;}/*!sc*/
.bVOeKw.is-active.with-badge .badge{background-color:var(--colors-rdsColorInteractive-primary,var(--colors-primary-main,#E01A22));color:var(--colors-rdsColorText-inverse,var(--colors-common-white,#FFFFFF));}/*!sc*/
.bVOeKw.with-indent-l{padding-left:4rem;}/*!sc*/
.bVOeKw.with-indent-m{padding-left:3rem;}/*!sc*/
.bVOeKw.is-bold{font-family:var(--typography-utility_strong_300-fontFamily,var(--typography-body-fontFamilySemiBold,var(--typography-body-fontFamily,"SourceSansPro-SemiBold","Lucida Sans",sans-serif)));font-size:var(--typography-utility_strong_300-fontSize,1rem);line-height:var(--typography-utility_strong_300-lineHeight,1.5rem);font-weight:var(--typography-utility_strong_300-fontWeight,400);-webkit-letter-spacing:var(--typography-utility_strong_300-letterSpacing,0px);-moz-letter-spacing:var(--typography-utility_strong_300-letterSpacing,0px);-ms-letter-spacing:var(--typography-utility_strong_300-letterSpacing,0px);letter-spacing:var(--typography-utility_strong_300-letterSpacing,0px);font-style:var(--typography-utility_strong_300-fontStyle,normal);}/*!sc*/
.bVOeKw:hover{background:var(--colors-rdsColorInteractive-uiHover,#F5F5F5);}/*!sc*/
.bVOeKw:hover .sc-f1554e33-0{-webkit-text-decoration:underline;text-decoration:underline;}/*!sc*/
.bVOeKw:active{background:var(--colors-rdsColorInteractive-uiActive,#E0E0E0);}/*!sc*/
.bVOeKw:focus{box-shadow:0px 0px 0px 0.125rem var(--colors-rdsColorInteractive-link,var(--colors-info-main,#2670EE)) inset;}/*!sc*/
.bVOeKw:focus:not(:focus-visible){box-shadow:none;}/*!sc*/
.bVOeKw:focus-visible{box-shadow:0 0 0 0.125rem var(--colors-rdsColorInteractive-link,var(--colors-info-main,#2670EE)) inset;}/*!sc*/
.show-as-pills .sc-f1554e33-1{border-radius:9999px;display:-webkit-inline-box;display:-webkit-inline-flex;display:-ms-inline-flexbox;display:inline-flex;padding:0.4375rem 1.25rem;margin:0;border:0.0625rem var(--colors-rdsColorBorder-lightest,#E0E0E0) solid;font-family:var(--typography-utility_strong_300-fontFamily,var(--typography-body-fontFamilySemiBold,var(--typography-body-fontFamily,"SourceSansPro-SemiBold","Lucida Sans",sans-serif)));font-size:var(--typography-utility_strong_300-fontSize,1rem);line-height:var(--typography-utility_strong_300-lineHeight,1.5rem);font-weight:var(--typography-utility_strong_300-fontWeight,400);-webkit-letter-spacing:var(--typography-utility_strong_300-letterSpacing,0px);-moz-letter-spacing:var(--typography-utility_strong_300-letterSpacing,0px);-ms-letter-spacing:var(--typography-utility_strong_300-letterSpacing,0px);letter-spacing:var(--typography-utility_strong_300-letterSpacing,0px);font-style:var(--typography-utility_strong_300-fontStyle,normal);}/*!sc*/
.show-as-pills .sc-f1554e33-1 .badge{background:none;padding:0.125rem 0;min-width:auto;margin:0 0 0 0.5rem;color:var(--colors-rdsColorText-light,#6F6F6F);font-family:var(--typography-utility_strong_300-fontFamily,var(--typography-body-fontFamilySemiBold,var(--typography-body-fontFamily,"SourceSansPro-SemiBold","Lucida Sans",sans-serif)));font-size:var(--typography-utility_strong_300-fontSize,1rem);line-height:var(--typography-utility_strong_300-lineHeight,1.5rem);font-weight:var(--typography-utility_strong_300-fontWeight,400);-webkit-letter-spacing:var(--typography-utility_strong_300-letterSpacing,0px);-moz-letter-spacing:var(--typography-utility_strong_300-letterSpacing,0px);-ms-letter-spacing:var(--typography-utility_strong_300-letterSpacing,0px);letter-spacing:var(--typography-utility_strong_300-letterSpacing,0px);font-style:var(--typography-utility_strong_300-fontStyle,normal);}/*!sc*/
.show-as-pills .sc-f1554e33-1 .icon-end{display:none;}/*!sc*/
.show-as-pills .sc-f1554e33-1.is-active{background-color:var(--colors-rdsColorAccent-tertiary,#212121);border-color:var(--colors-rdsColorAccent-tertiary,#212121);color:var(--colors-rdsColorText-inverse,var(--colors-common-white,#FFFFFF));}/*!sc*/
.show-as-pills .sc-f1554e33-1.is-active:before{display:none;}/*!sc*/
.show-as-pills .sc-f1554e33-1.is-active .badge{background:none;}/*!sc*/
.show-as-pills .sc-f1554e33-1:focus-visible{outline-offset:0.125rem;outline:0.125rem solid var(--colors-rdsColorInteractive-link,var(--colors-info-main,#2670EE));box-shadow:0px 0px 0px 0.375rem rgb(255 255 255 / 90%);border-radius:var(--borderRadius-default,4px);}/*!sc*/
.show-as-pills .sc-f1554e33-1:focus{box-shadow:none;}/*!sc*/
.show-as-pills .sc-f1554e33-1:focus:after,.show-as-pills .bVOeKw:focus:before{border-width:0.125rem;border-radius:9999px;}/*!sc*/
.show-as-pills .sc-f1554e33-1:focus:after{margin:-0.3125rem;}/*!sc*/
.show-as-pills .sc-f1554e33-1:focus:before{margin:-0.4375rem;}/*!sc*/
data-styled.g471[id="sc-f1554e33-1"]{content:"bVOeKw,"}/*!sc*/
.ecXVjO{-webkit-align-self:center;-ms-flex-item-align:center;align-self:center;margin-left:auto;display:-webkit-inline-box;display:-webkit-inline-flex;display:-ms-inline-flexbox;display:inline-flex;}/*!sc*/
data-styled.g472[id="sc-f1554e33-2"]{content:"ecXVjO,"}/*!sc*/
.lkfWzP{padding:24px 0 0 0;}/*!sc*/
.lkfWzP h1{padding:20px 0 24px 0;color:var(--colors-rdsColorText-dark,#212121);font-family:var(--typography-heading_600-fontFamily,var(--typography-heading-fontFamily,"AvantGardeGothic",Arial,sans-serif));font-size:var(--typography-heading_600-fontSize,1.5rem);line-height:var(--typography-heading_600-lineHeight,2rem);font-weight:var(--typography-heading_600-fontWeight,700);-webkit-letter-spacing:var(--typography-heading_600-letterSpacing,0px);-moz-letter-spacing:var(--typography-heading_600-letterSpacing,0px);-ms-letter-spacing:var(--typography-heading_600-letterSpacing,0px);letter-spacing:var(--typography-heading_600-letterSpacing,0px);font-style:var(--typography-heading_600-fontStyle,normal);}/*!sc*/
@media (min-width:1024px){.lkfWzP{padding:0 0 32px 0;}.lkfWzP h1{font-family:var(--typography-heading_700-fontFamily,var(--typography-heading-fontFamily,"AvantGardeGothic",Arial,sans-serif));font-size:var(--typography-heading_700-fontSize,2rem);line-height:var(--typography-heading_700-lineHeight,2.5rem);font-weight:var(--typography-heading_700-fontWeight,700);-webkit-letter-spacing:var(--typography-heading_700-letterSpacing,0px);-moz-letter-spacing:var(--typography-heading_700-letterSpacing,0px);-ms-letter-spacing:var(--typography-heading_700-letterSpacing,0px);letter-spacing:var(--typography-heading_700-letterSpacing,0px);font-style:var(--typography-heading_700-fontStyle,normal);padding-bottom:32px;}}/*!sc*/
data-styled.g474[id="sc-980e8602-0"]{content:"lkfWzP,"}/*!sc*/
.TlqLj{display:-webkit-box;display:-webkit-flex;display:-ms-flexbox;display:flex;-webkit-flex-direction:column-reverse;-ms-flex-direction:column-reverse;flex-direction:column-reverse;}/*!sc*/
.TlqLj a{-webkit-align-self:flex-start;-ms-flex-item-align:start;align-self:flex-start;}/*!sc*/
@media (min-width:1024px){.TlqLj{-webkit-flex-direction:column;-ms-flex-direction:column;flex-direction:column;padding-right:16px;}}/*!sc*/
data-styled.g475[id="sc-980e8602-1"]{content:"TlqLj,"}/*!sc*/
.iICwyC{display:none;}/*!sc*/
.iICwyC ul{display:-webkit-box;display:-webkit-flex;display:-ms-flexbox;display:flex;}/*!sc*/
.iICwyC ul li{margin-right:0.5rem;}/*!sc*/
@media (min-width:1024px){.iICwyC{display:-webkit-box;display:-webkit-flex;display:-ms-flexbox;display:flex;width:100%;}}/*!sc*/
data-styled.g488[id="sc-ea2356ff-0"]{content:"iICwyC,"}/*!sc*/
.iwgjTi{font-family:var(--typography-utility_300-fontFamily,var(--typography-body-fontFamily,"SourceSansPro-Regular","Lucida Sans",sans-serif));font-size:var(--typography-utility_300-fontSize,1rem);line-height:var(--typography-utility_300-lineHeight,1.5rem);font-weight:var(--typography-utility_300-fontWeight,400);-webkit-letter-spacing:var(--typography-utility_300-letterSpacing,0px);-moz-letter-spacing:var(--typography-utility_300-letterSpacing,0px);-ms-letter-spacing:var(--typography-utility_300-letterSpacing,0px);letter-spacing:var(--typography-utility_300-letterSpacing,0px);font-style:var(--typography-utility_300-fontStyle,normal);padding-right:1rem;color:var(--colors-rdsColorText-defaultColor,var(--colors-text-primary,#3D3D3D));display:-webkit-box;display:-webkit-flex;display:-ms-flexbox;display:flex;-webkit-align-items:center;-webkit-box-align:center;-ms-flex-align:center;align-items:center;}/*!sc*/
data-styled.g489[id="sc-ea2356ff-1"]{content:"iwgjTi,"}/*!sc*/
.itZutT{max-width:1440px;margin:0 auto;padding:0 1.5rem;}/*!sc*/
@media (min-width:1024px){.itZutT{padding:0 2rem;}}/*!sc*/
@media (min-width:1200px){.itZutT{padding:0 3rem;}}/*!sc*/
.itZutT::before{content:'';width:100%;position:absolute;left:0;border-top:1px solid var(--colors-rdsColorBorder-lightest,#E0E0E0);}/*!sc*/
.itZutT h1{font-family:var(--typography-heading_500-fontFamily,var(--typography-heading-fontFamily,"AvantGardeGothic",Arial,sans-serif));font-size:var(--typography-heading_500-fontSize,1.25rem);line-height:var(--typography-heading_500-lineHeight,1.75rem);font-weight:var(--typography-heading_500-fontWeight,700);-webkit-letter-spacing:var(--typography-heading_500-letterSpacing,0px);-moz-letter-spacing:var(--typography-heading_500-letterSpacing,0px);-ms-letter-spacing:var(--typography-heading_500-letterSpacing,0px);letter-spacing:var(--typography-heading_500-letterSpacing,0px);font-style:var(--typography-heading_500-fontStyle,normal);padding-top:32px;}/*!sc*/
@media (min-width:1200px){.itZutT h1{padding-top:48px;}}/*!sc*/
.itZutT h2{font-family:var(--typography-heading_300-fontFamily,var(--typography-heading-fontFamily,"AvantGardeGothic",Arial,sans-serif));font-size:var(--typography-heading_300-fontSize,1rem);line-height:var(--typography-heading_300-lineHeight,1.5rem);font-weight:var(--typography-heading_300-fontWeight,700);-webkit-letter-spacing:var(--typography-heading_300-letterSpacing,0px);-moz-letter-spacing:var(--typography-heading_300-letterSpacing,0px);-ms-letter-spacing:var(--typography-heading_300-letterSpacing,0px);letter-spacing:var(--typography-heading_300-letterSpacing,0px);font-style:var(--typography-heading_300-fontStyle,normal);padding-bottom:16px;}/*!sc*/
data-styled.g490[id="sc-8aaed458-0"]{content:"itZutT,"}/*!sc*/
@media (min-width:1200px){.gTibXH{display:grid;grid-template-columns:3fr 1fr;}}/*!sc*/
data-styled.g491[id="sc-8aaed458-1"]{content:"gTibXH,"}/*!sc*/
.dUUqEj{padding:32px 0;}/*!sc*/
.dUUqEj ul.coles-links,.dUUqEj ul.footer-menu-list{display:-webkit-box;display:-webkit-flex;display:-ms-flexbox;display:flex;-webkit-flex-direction:column;-ms-flex-direction:column;flex-direction:column;gap:12px;}/*!sc*/
.dUUqEj li{font-family:var(--typography-body_300-fontFamily,var(--typography-body-fontFamily,"SourceSansPro-Regular","Lucida Sans",sans-serif));font-size:var(--typography-body_300-fontSize,1rem);line-height:var(--typography-body_300-lineHeight,1.5rem);font-weight:var(--typography-body_300-fontWeight,400);-webkit-letter-spacing:var(--typography-body_300-letterSpacing,0px);-moz-letter-spacing:var(--typography-body_300-letterSpacing,0px);-ms-letter-spacing:var(--typography-body_300-letterSpacing,0px);letter-spacing:var(--typography-body_300-letterSpacing,0px);font-style:var(--typography-body_300-fontStyle,normal);}/*!sc*/
data-styled.g492[id="sc-8aaed458-2"]{content:"dUUqEj,"}/*!sc*/
.jSSDwv{display:grid;grid-template-columns:repeat(3,1fr);}/*!sc*/
data-styled.g494[id="sc-8aaed458-4"]{content:"jSSDwv,"}/*!sc*/
@media (min-width:1200px){.QPvwT{padding-top:32px;}}/*!sc*/
.QPvwT .social-links{display:-webkit-box;display:-webkit-flex;display:-ms-flexbox;display:flex;-webkit-flex-wrap:wrap;-ms-flex-wrap:wrap;flex-wrap:wrap;gap:8px;margin-bottom:32px;}/*!sc*/
.QPvwT .social-links a{border:1px solid var(--colors-rdsColorInteractive-secondary,#212121);border-radius:var(--borderRadius-round,9999px);}/*!sc*/
.QPvwT .social-links a svg{margin:7px;}/*!sc*/
data-styled.g495[id="sc-8aaed458-5"]{content:"QPvwT,"}/*!sc*/
.gojocU{display:-webkit-box;display:-webkit-flex;display:-ms-flexbox;display:flex;gap:12px;}/*!sc*/
.gojocU a{position:relative;outline:none;display:-webkit-box;display:-webkit-flex;display:-ms-flexbox;display:flex;width:-webkit-fit-content;width:-moz-fit-content;width:fit-content;}/*!sc*/
.gojocU a:before,.gojocU a:after{content:'';position:absolute;border:1px solid;border-color:transparent;border-radius:var(--borderRadius-default,4px);}/*!sc*/
.gojocU a:before{width:100%;height:100%;border-color:var(--colors-rdsColorBorder-lightest,#E0E0E0);}/*!sc*/
.gojocU a:after{width:calc(100% + 4px);height:calc(100% + 4px);left:-2px;top:-2px;}/*!sc*/
.gojocU a:hover:after{border-color:var(--colors-rdsColorBorder-darkest,#212121);}/*!sc*/
.gojocU a:focus-visible{z-index:1;outline-color:transparent;box-shadow:0 0 0 2px var(--colors-rdsColorInteractive-inverse,var(--colors-common-white,#FFFFFF)), 0 0 0 4px var(--colors-rdsColorInteractive-focus,var(--colors-info-main,#2670EE));border-radius:var(--borderRadius-default,4px);}/*!sc*/
.gojocU a:before{width:calc(100% + -2px);left:1px;}/*!sc*/
.gojocU a:after{width:calc(100% + 2px);left:-1px;}/*!sc*/
@media (min-width:1200px){.gojocU{-webkit-flex-direction:column;-ms-flex-direction:column;flex-direction:column;}}/*!sc*/
.gojocU .app-store,.gojocU .google-play{height:41px;}/*!sc*/
.gojocU .app-store{width:119px;}/*!sc*/
.gojocU .google-play{width:136px;}/*!sc*/
data-styled.g496[id="sc-8aaed458-6"]{content:"gojocU,"}/*!sc*/
.grAgso{padding:16px 0 24px;}/*!sc*/
data-styled.g497[id="sc-8aaed458-7"]{content:"grAgso,"}/*!sc*/
.ghUekh{display:grid;grid-template-columns:repeat(3,1fr);gap:16px;}/*!sc*/
@media (min-width:768px){.ghUekh{grid-template-columns:repeat(6,1fr);}}/*!sc*/
@media (min-width:1200px){.ghUekh{grid-template-columns:repeat(11,1fr);}}/*!sc*/
data-styled.g498[id="sc-8aaed458-8"]{content:"ghUekh,"}/*!sc*/
.dIiIvA{position:relative;outline:none;display:-webkit-box;display:-webkit-flex;display:-ms-flexbox;display:flex;}/*!sc*/
.dIiIvA:before,.dIiIvA:after{content:'';position:absolute;border:1px solid;border-color:transparent;border-radius:var(--borderRadius-default,4px);}/*!sc*/
.dIiIvA:before{width:100%;height:100%;border-color:var(--colors-rdsColorBorder-lightest,#E0E0E0);}/*!sc*/
.dIiIvA:after{width:calc(100% + 4px);height:calc(100% + 4px);left:-2px;top:-2px;}/*!sc*/
.dIiIvA:hover:after{border-color:var(--colors-rdsColorBorder-darkest,#212121);}/*!sc*/
.dIiIvA:focus-visible{z-index:1;outline-color:transparent;box-shadow:0 0 0 2px var(--colors-rdsColorInteractive-inverse,var(--colors-common-white,#FFFFFF)), 0 0 0 4px var(--colors-rdsColorInteractive-focus,var(--colors-info-main,#2670EE));border-radius:var(--borderRadius-default,4px);}/*!sc*/
.dIiIvA svg{border-radius:var(--borderRadius-default,4px);}/*!sc*/
data-styled.g499[id="sc-8aaed458-9"]{content:"dIiIvA,"}/*!sc*/
.cIwOxI,.cIwOxI a{background-color:var(--colors-rdsColorBackground-secondary,#F5F5F5);}/*!sc*/
data-styled.g500[id="sc-8aaed458-10"]{content:"cIwOxI,"}/*!sc*/
.jcWTXk{max-width:1440px;margin:0 auto;padding:0 1.5rem;}/*!sc*/
@media (min-width:1024px){.jcWTXk{padding:0 2rem;}}/*!sc*/
@media (min-width:1200px){.jcWTXk{padding:0 3rem;}}/*!sc*/
.jcWTXk svg{margin-top:5px;}/*!sc*/
.jcWTXk > div{font-family:var(--typography-body_200-fontFamily,var(--typography-body-fontFamily,"SourceSansPro-Regular","Lucida Sans",sans-serif));font-size:var(--typography-body_200-fontSize,0.875rem);line-height:var(--typography-body_200-lineHeight,1.25rem);font-weight:var(--typography-body_200-fontWeight,400);-webkit-letter-spacing:var(--typography-body_200-letterSpacing,0.16px);-moz-letter-spacing:var(--typography-body_200-letterSpacing,0.16px);-ms-letter-spacing:var(--typography-body_200-letterSpacing,0.16px);letter-spacing:var(--typography-body_200-letterSpacing,0.16px);font-style:var(--typography-body_200-fontStyle,normal);padding:24px 0;}/*!sc*/
@media (min-width:1200px){.jcWTXk > div{display:grid;grid-template-columns:3fr 1fr;gap:64px;}}/*!sc*/
data-styled.g501[id="sc-8aaed458-11"]{content:"jcWTXk,"}/*!sc*/
.kESEkG{display:grid;gap:12px;}/*!sc*/
.kESEkG svg{width:90px;}/*!sc*/
@media (min-width:768px){.kESEkG{grid-template-columns:1fr auto;gap:24px;}}/*!sc*/
data-styled.g502[id="sc-8aaed458-12"]{content:"kESEkG,"}/*!sc*/
@media (min-width:1200px){.eQUXSk > div{display:-webkit-box;display:-webkit-flex;display:-ms-flexbox;display:flex;-webkit-box-pack:end;-webkit-justify-content:flex-end;-ms-flex-pack:end;justify-content:flex-end;}}/*!sc*/
data-styled.g503[id="sc-8aaed458-13"]{content:"eQUXSk,"}/*!sc*/
.hgqLBT{display:-webkit-inline-box;display:-webkit-inline-flex;display:-ms-inline-flexbox;display:inline-flex;-webkit-flex-wrap:wrap;-ms-flex-wrap:wrap;flex-wrap:wrap;gap:8px 16px;padding:24px 0 12px;}/*!sc*/
@media (min-width:1200px){.hgqLBT{padding:0 0 12px;}}/*!sc*/
data-styled.g504[id="sc-8aaed458-14"]{content:"hgqLBT,"}/*!sc*/
.cgihIO{grid-area:logo;height:24px;margin:0 4px;padding:2px;display:inline-table;border-radius:var(--borderRadius-default,4px);width:77.25px;}/*!sc*/
.cgihIO:focus,.cgihIO:focus-visible{outline:none;box-shadow:0 0 0 2px var(--colors-rdsColorInteractive-focus,var(--colors-info-main,#2670EE));}/*!sc*/
.cgihIO:focus:not(:focus-visible){outline:none;box-shadow:none;}/*!sc*/
.cgihIO svg{height:24px;width:77.25px;}/*!sc*/
@media (min-width:768px){.cgihIO{height:32px;margin:0;}.cgihIO svg{height:32px;width:103px;}}/*!sc*/
data-styled.g505[id="sc-1360ef9f-0"]{content:"cgihIO,"}/*!sc*/
.eUrBSY{grid-area:user;font-family:var(--typography-utility_100-fontFamily,var(--typography-body-fontFamily,"SourceSansPro-Regular","Lucida Sans",sans-serif));font-size:var(--typography-utility_100-fontSize,0.75rem);line-height:var(--typography-utility_100-lineHeight,1rem);font-weight:var(--typography-utility_100-fontWeight,400);-webkit-letter-spacing:var(--typography-utility_100-letterSpacing,0.32px);-moz-letter-spacing:var(--typography-utility_100-letterSpacing,0.32px);-ms-letter-spacing:var(--typography-utility_100-letterSpacing,0.32px);letter-spacing:var(--typography-utility_100-letterSpacing,0.32px);font-style:var(--typography-utility_100-fontStyle,normal);height:56px;min-width:56px;background:var(--colors-rdsColorBackground-defaultColor,var(--colors-background-default,#FFFFFF));border:none;border-radius:var(--borderRadius-default,4px);padding:24px 2px 0;text-align:center;color:var(--colors-rdsColorText-defaultColor,var(--colors-text-primary,#3D3D3D));position:relative;}/*!sc*/
.eUrBSY:focus,.eUrBSY:focus-visible{outline:none;box-shadow:0 0 0 2px var(--colors-rdsColorInteractive-focus,var(--colors-info-main,#2670EE)) inset;}/*!sc*/
.eUrBSY:focus:not(:focus-visible){outline:none;box-shadow:none;}/*!sc*/
.eUrBSY:hover{background:var(--colors-rdsColorBackground-secondary,#F5F5F5);-webkit-text-decoration:underline;text-decoration:underline;cursor:pointer;}/*!sc*/
.eUrBSY:active{background:var(--colors-rdsColorBackground-tertiary,#E0E0E0);}/*!sc*/
.eUrBSY::before{content:'';position:absolute;top:8px;left:50%;-webkit-transform:translate(-50%,0);-ms-transform:translate(-50%,0);transform:translate(-50%,0);width:24px;height:24px;background-image:url('data:image/svg+xml;charset=utf8,%3Csvg%20focusable%3D%22false%22%20xmlns%3D%22http%3A%2F%2Fwww.w3.org%2F2000%2Fsvg%22%20width%3D%2224%22%20height%3D%2224%22%20viewBox%3D%220%200%2024%2024%22%20color%3D%22currentColor%22%3E%3Cg%20fill%3D%22none%22%20fill-rule%3D%22evenodd%22%3E%3Cpath%20stroke%3D%22currentColor%22%20stroke-linecap%3D%22round%22%20stroke-linejoin%3D%22round%22%20stroke-width%3D%222%22%20vector-effect%3D%22non-scaling-stroke%22%20d%3D%22M20%2C21%20C20%2C17%2018%2C15%2012%2C15%20C6%2C15%204%2C17%204%2C21%20M12%2C11%20C14.209139%2C11%2016%2C9.209139%2016%2C7%20C16%2C4.790861%2014.209139%2C3%2012%2C3%20C9.790861%2C3%208%2C4.790861%208%2C7%20C8%2C9.209139%209.790861%2C11%2012%2C11%20Z%22%3E%3C%2Fpath%3E%3C%2Fg%3E%3C%2Fsvg%3E    ');}/*!sc*/
data-styled.g508[id="sc-2ae3864e-2"]{content:"eUrBSY,"}/*!sc*/
html{font-size:16px;}/*!sc*/
:root{--colors-primary-main:#E01A22;--colors-primary-dark:#B9091D;--colors-common-white:#FFFFFF;--colors-background-default:#FFFFFF;--colors-text-primary:#3D3D3D;--colors-info-main:#2670EE;--colors-info-light:#006BDE;--colors-warning-main:#FF8F1F;--colors-warning-dark:#C55307;--colors-success-main:#07883D;--colors-success-light:#0DB548;--colors-success-dark:#026930;--colors-error-main:#B9091D;--colors-rdsColorAccent-primary:#E01A22;--colors-rdsColorAccent-primaryLighter:#FFF0F0;--colors-rdsColorAccent-primaryDark:#B9091D;--colors-rdsColorAccent-primaryDarker:#960319;--colors-rdsColorAccent-secondary:#FEDC02;--colors-rdsColorAccent-secondaryLightest:#FFF7DB;--colors-rdsColorAccent-secondaryDark:#ECC104;--colors-rdsColorAccent-secondaryDarker:#CE9E03;--colors-rdsColorAccent-tertiary:#212121;--colors-rdsColorAccent-tertiaryLight:#3D3D3D;--colors-rdsColorAccent-tertiaryLighter:#6F6F6F;--colors-rdsColorBackground-defaultColor:#FFFFFF;--colors-rdsColorBackground-primary:#FFFFFF;--colors-rdsColorBackground-secondary:#F5F5F5;--colors-rdsColorBackground-tertiary:#E0E0E0;--colors-rdsColorBackground-brand:#E01A22;--colors-rdsColorBackground-specials:#FEDC02;--colors-rdsColorBackground-inverse:#212121;--colors-rdsColorBackground-overlay:rgba(33,33,33,0.5);--colors-rdsColorBackground-transparent:rgba(255,255,255,0);--colors-rdsColorBackground-cream:#FEFAF0;--colors-rdsColorBackground-charcoal:#323A41;--colors-rdsColorBackground-lightgrey:#F5F5F5;--colors-rdsColorBackground-lightergrey:#F0F0F0;--colors-rdsColorBackground-darkgrey:#3D3D3D;--colors-rdsColorBorder-lightest:#E0E0E0;--colors-rdsColorBorder-lighter:#A3A5A7;--colors-rdsColorBorder-defaultColor:#8D8D8D;--colors-rdsColorBorder-darkest:#212121;--colors-rdsColorBorder-inverse:#FFFFFF;--colors-rdsColorBorder-brand:#E01A22;--colors-rdsColorBorder-specials:#FEDC02;--colors-rdsColorText-light:#6F6F6F;--colors-rdsColorText-defaultColor:#3D3D3D;--colors-rdsColorText-dark:#212121;--colors-rdsColorText-inverse:#FFFFFF;--colors-rdsColorText-link:#2670EE;--colors-rdsColorText-placeholder:#949494;--colors-rdsColorText-brand:#E01A22;--colors-rdsColorText-brandFlybuy:#047CC2;--colors-rdsColorText-feedbackError:#B9091D;--colors-rdsColorText-feedbackSuccess:#07883D;--colors-rdsColorIcon-light:#6F6F6F;--colors-rdsColorIcon-defaultColor:#3D3D3D;--colors-rdsColorIcon-dark:#212121;--colors-rdsColorIcon-inverse:#FFFFFF;--colors-rdsColorIcon-brand:#E01A22;--colors-rdsColorIcon-comment:#105cc6;--colors-rdsColorPromo-flyBuys:#007CC2;--colors-rdsColorPromo-promoNew:#7FBA24;--colors-rdsColorFeedback-error:#B9091D;--colors-rdsColorFeedback-errorLightest:#FFF5F5;--colors-rdsColorFeedback-warning:#FF8F1F;--colors-rdsColorFeedback-warningDark:#C55307;--colors-rdsColorFeedback-warningDarkest:#993B05;--colors-rdsColorFeedback-warningLightest:#FFF7F0;--colors-rdsColorFeedback-success:#07883D;--colors-rdsColorFeedback-successDark:#026930;--colors-rdsColorFeedback-successLight:#0DB548;--colors-rdsColorFeedback-successLightest:#EDFEEC;--colors-rdsColorFeedback-guidance:#2670EE;--colors-rdsColorFeedback-guidanceLightest:#F0FBFF;--colors-rdsColorInteractive-primary:#E01A22;--colors-rdsColorInteractive-primaryHover:#B9091D;--colors-rdsColorInteractive-primaryActive:#960319;--colors-rdsColorInteractive-secondary:#212121;--colors-rdsColorInteractive-secondaryHover:#3D3D3D;--colors-rdsColorInteractive-secondaryActive:#6F6F6F;--colors-rdsColorInteractive-link:#2670EE;--colors-rdsColorInteractive-inverse:#FFFFFF;--colors-rdsColorInteractive-uiHover:#F5F5F5;--colors-rdsColorInteractive-uiActive:#E0E0E0;--colors-rdsColorInteractive-uiSelected:#F5F5F5;--colors-rdsColorInteractive-rowHover:#F5F5F5;--colors-rdsColorInteractive-focus:#2670EE;--colors-rdsColorInteractive-focusSelect:#006BDE;--colors-rdsColorInteractive-focusInverse:#FFFFFF;--colors-rdsColorInteractive-uiHoverInverse:rgba(255,255,255,0.15);--colors-rdsColorInteractive-uiActiveInverse:rgba(255,255,255,0.3);--borderRadius-none:0;--borderRadius-subtle:2px;--borderRadius-default:4px;--borderRadius-soft:6px;--borderRadius-softer:8px;--borderRadius-softest:16px;--borderRadius-round:9999px;--shadows-shadow1:0px 1px 4px rgba(33,33,33,0.12);--shadows-shadow2:0px 4px 8px rgba(33,33,33,0.12);--shadows-shadow3:0px 8px 16px rgba(33,33,33,0.12);--shadows-shadow4:0px 12px 24px rgba(33,33,33,0.12);--shadows-shadow5:0px 16px 32px rgba(33,33,33,0.12);--typography-htmlFontSize:16;--typography-heading-fontFamily:"AvantGardeGothic",Arial,sans-serif;--typography-heading-fontFamilyBold:"AvantGardeGothic-bold","Arial Black",sans-serif;--typography-body-fontFamily:"SourceSansPro-Regular","Lucida Sans",sans-serif;--typography-body-fontFamilySemiBold:"SourceSansPro-SemiBold","Lucida Sans",sans-serif;--typography-body-fontFamilyItalic:"SourceSansPro-Italic","Lucida Sans",sans-serif;--typography-body-fontFamilySemiBoldtalic:"SourceSansPro-SemiBoldItalic","Lucida Sans",sans-serif;}/*!sc*/
data-styled.g511[id="sc-global-gWmEJC1"]{content:"sc-global-gWmEJC1,"}/*!sc*/
.JhNzy:focus{outline:none;}/*!sc*/
data-styled.g512[id="sc-43a0ac14-0"]{content:"JhNzy,"}/*!sc*/
.gCesel{font-family:var(--typography-utility_100-fontFamily,var(--typography-body-fontFamily,"SourceSansPro-Regular","Lucida Sans",sans-serif));font-size:var(--typography-utility_100-fontSize,0.75rem);line-height:var(--typography-utility_100-lineHeight,1rem);font-weight:var(--typography-utility_100-fontWeight,400);-webkit-letter-spacing:var(--typography-utility_100-letterSpacing,0.32px);-moz-letter-spacing:var(--typography-utility_100-letterSpacing,0.32px);-ms-letter-spacing:var(--typography-utility_100-letterSpacing,0.32px);letter-spacing:var(--typography-utility_100-letterSpacing,0.32px);font-style:var(--typography-utility_100-fontStyle,normal);height:3.5rem;min-width:3.5rem;background:var(--colors-rdsColorBackground-defaultColor,var(--colors-background-default,#FFFFFF));border:none;border-radius:var(--borderRadius-default,4px);padding:1.5rem 0.125rem 0;text-align:center;color:var(--colors-rdsColorText-defaultColor,var(--colors-text-primary,#3D3D3D));position:relative;}/*!sc*/
.gCesel:focus,.gCesel:focus-visible{outline:none;box-shadow:0 0 0 0.125rem var(--colors-rdsColorInteractive-focus,var(--colors-info-main,#2670EE)) inset;}/*!sc*/
.gCesel:focus:not(:focus-visible){outline:none;box-shadow:none;}/*!sc*/
.gCesel:hover{background:var(--colors-rdsColorBackground-secondary,#F5F5F5);-webkit-text-decoration:underline;text-decoration:underline;cursor:pointer;}/*!sc*/
.gCesel:active{background:var(--colors-rdsColorBackground-tertiary,#E0E0E0);}/*!sc*/
.gCesel::before{content:'';position:absolute;top:0.5rem;left:50%;-webkit-transform:translate(-50%,0);-ms-transform:translate(-50%,0);transform:translate(-50%,0);width:1.5rem;height:1.5rem;background-image:url('data:image/svg+xml;charset=utf8,%3Csvg%20focusable%3D%22false%22%20xmlns%3D%22http%3A%2F%2Fwww.w3.org%2F2000%2Fsvg%22%20width%3D%2224%22%20height%3D%2224%22%20viewBox%3D%220%200%2024%2024%22%20color%3D%22currentColor%22%3E%3Cg%20fill%3D%22none%22%20fill-rule%3D%22evenodd%22%3E%3Cpath%20stroke%3D%22currentColor%22%20stroke-linecap%3D%22round%22%20stroke-linejoin%3D%22round%22%20stroke-width%3D%222%22%20vector-effect%3D%22non-scaling-stroke%22%20d%3D%22M21%2C21%20L15%2C15%20L21%2C21%20Z%20M10%2C3%20C6.13400675%2C3%203%2C6.13400675%203%2C10%20C3%2C13.8659932%206.13400675%2C17%2010%2C17%20C11.8565154%2C17%2013.6369928%2C16.2625021%2014.9497475%2C14.9497475%20C16.2625021%2C13.6369928%2017%2C11.8565154%2017%2C10%20C17%2C6.13400675%2013.8659932%2C3%2010%2C3%20Z%22%3E%3C%2Fpath%3E%3C%2Fg%3E%3C%2Fsvg%3E    ');}/*!sc*/
.cULCHH{font-family:var(--typography-utility_100-fontFamily,var(--typography-body-fontFamily,"SourceSansPro-Regular","Lucida Sans",sans-serif));font-size:var(--typography-utility_100-fontSize,0.75rem);line-height:var(--typography-utility_100-lineHeight,1rem);font-weight:var(--typography-utility_100-fontWeight,400);-webkit-letter-spacing:var(--typography-utility_100-letterSpacing,0.32px);-moz-letter-spacing:var(--typography-utility_100-letterSpacing,0.32px);-ms-letter-spacing:var(--typography-utility_100-letterSpacing,0.32px);letter-spacing:var(--typography-utility_100-letterSpacing,0.32px);font-style:var(--typography-utility_100-fontStyle,normal);height:3.5rem;min-width:3.5rem;background:var(--colors-rdsColorBackground-defaultColor,var(--colors-background-default,#FFFFFF));border:none;border-radius:var(--borderRadius-default,4px);padding:1.5rem 0.125rem 0;text-align:center;color:var(--colors-rdsColorText-defaultColor,var(--colors-text-primary,#3D3D3D));position:relative;}/*!sc*/
.cULCHH:focus,.cULCHH:focus-visible{outline:none;box-shadow:0 0 0 0.125rem var(--colors-rdsColorInteractive-focus,var(--colors-info-main,#2670EE)) inset;}/*!sc*/
.cULCHH:focus:not(:focus-visible){outline:none;box-shadow:none;}/*!sc*/
.cULCHH:hover{background:var(--colors-rdsColorBackground-secondary,#F5F5F5);-webkit-text-decoration:underline;text-decoration:underline;cursor:pointer;}/*!sc*/
.cULCHH:active{background:var(--colors-rdsColorBackground-tertiary,#E0E0E0);}/*!sc*/
.cULCHH::before{content:'';position:absolute;top:0.5rem;left:50%;-webkit-transform:translate(-50%,0);-ms-transform:translate(-50%,0);transform:translate(-50%,0);width:1.5rem;height:1.5rem;background-image:url('data:image/svg+xml;charset=utf8,%3Csvg%20focusable%3D%22false%22%20xmlns%3D%22http%3A%2F%2Fwww.w3.org%2F2000%2Fsvg%22%20width%3D%2224%22%20height%3D%2224%22%20viewBox%3D%220%200%2024%2024%22%20color%3D%22currentColor%22%3E%3Cg%20fill%3D%22none%22%20fill-rule%3D%22evenodd%22%3E%3Cpath%20stroke%3D%22currentColor%22%20stroke-linecap%3D%22round%22%20stroke-linejoin%3D%22round%22%20stroke-width%3D%222%22%20vector-effect%3D%22non-scaling-stroke%22%20d%3D%22M9%2C14%20C9.55228475%2C14%2010%2C14.4477153%2010%2C15%20L10%2C19%20C10%2C19.5522847%209.55228475%2C20%209%2C20%20L5%2C20%20C4.44771525%2C20%204%2C19.5522847%204%2C19%20L4%2C15%20C4%2C14.4477153%204.44771525%2C14%205%2C14%20L9%2C14%20Z%20M9%2C4%20C9.55228475%2C4%2010%2C4.44771525%2010%2C5%20L10%2C9%20C10%2C9.55228475%209.55228475%2C10%209%2C10%20L5%2C10%20C4.44771525%2C10%204%2C9.55228475%204%2C9%20L4%2C5%20C4%2C4.44771525%204.44771525%2C4%205%2C4%20L9%2C4%20Z%20M19%2C4%20C19.5522847%2C4%2020%2C4.44771525%2020%2C5%20L20%2C9%20C20%2C9.55228475%2019.5522847%2C10%2019%2C10%20L15%2C10%20C14.4477153%2C10%2014%2C9.55228475%2014%2C9%20L14%2C5%20C14%2C4.44771525%2014.4477153%2C4%2015%2C4%20L19%2C4%20Z%20M15%2C14%20L19%2C14%20C19.5522847%2C14%2020%2C14.4477153%2020%2C15%20L20%2C19%20C20%2C19.5522847%2019.5522847%2C20%2019%2C20%20L15%2C20%20C14.4477153%2C20%2014%2C19.5522847%2014%2C19%20L14%2C15%20C14%2C14.4477153%2014.4477153%2C14%2015%2C14%20Z%22%3E%3C%2Fpath%3E%3C%2Fg%3E%3C%2Fsvg%3E    ');}/*!sc*/
.QYjRN{font-family:var(--typography-utility_100-fontFamily,var(--typography-body-fontFamily,"SourceSansPro-Regular","Lucida Sans",sans-serif));font-size:var(--typography-utility_100-fontSize,0.75rem);line-height:var(--typography-utility_100-lineHeight,1rem);font-weight:var(--typography-utility_100-fontWeight,400);-webkit-letter-spacing:var(--typography-utility_100-letterSpacing,0.32px);-moz-letter-spacing:var(--typography-utility_100-letterSpacing,0.32px);-ms-letter-spacing:var(--typography-utility_100-letterSpacing,0.32px);letter-spacing:var(--typography-utility_100-letterSpacing,0.32px);font-style:var(--typography-utility_100-fontStyle,normal);height:3.5rem;min-width:3.5rem;background:var(--colors-rdsColorBackground-defaultColor,var(--colors-background-default,#FFFFFF));border:none;border-radius:var(--borderRadius-default,4px);padding:1.5rem 0.125rem 0;text-align:center;color:var(--colors-rdsColorText-defaultColor,var(--colors-text-primary,#3D3D3D));position:relative;}/*!sc*/
.QYjRN:focus,.QYjRN:focus-visible{outline:none;box-shadow:0 0 0 0.125rem var(--colors-rdsColorInteractive-focus,var(--colors-info-main,#2670EE)) inset;}/*!sc*/
.QYjRN:focus:not(:focus-visible){outline:none;box-shadow:none;}/*!sc*/
.QYjRN:hover{background:var(--colors-rdsColorBackground-secondary,#F5F5F5);-webkit-text-decoration:underline;text-decoration:underline;cursor:pointer;}/*!sc*/
.QYjRN:active{background:var(--colors-rdsColorBackground-tertiary,#E0E0E0);}/*!sc*/
.QYjRN::before{content:'';position:absolute;top:0.5rem;left:50%;-webkit-transform:translate(-50%,0);-ms-transform:translate(-50%,0);transform:translate(-50%,0);width:1.5rem;height:1.5rem;background-image:url('data:image/svg+xml;charset=utf8,%3Csvg%20focusable%3D%22false%22%20xmlns%3D%22http%3A%2F%2Fwww.w3.org%2F2000%2Fsvg%22%20width%3D%2224%22%20height%3D%2224%22%20viewBox%3D%220%200%2024%2024%22%20color%3D%22currentColor%22%3E%3Cg%20fill%3D%22none%22%20fill-rule%3D%22evenodd%22%3E%3Cpath%20stroke%3D%22currentColor%22%20stroke-linecap%3D%22round%22%20stroke-linejoin%3D%22round%22%20stroke-width%3D%222%22%20vector-effect%3D%22non-scaling-stroke%22%20d%3D%22M5%2C4%20L19%2C4%20L19%2C18%20C19%2C19.6568542%2017.6568542%2C21%2016%2C21%20L8%2C21%20C6.34314575%2C21%205%2C19.6568542%205%2C18%20L5%2C4%20L5%2C4%20Z%20M16%2C3%20L16%2C5%20M12%2C3%20L12%2C5%20M8%2C3%20L8%2C5%20M9%2C9%20L15%2C9%20M9%2C13%20L15%2C13%20M9%2C17%20L12%2C17%22%3E%3C%2Fpath%3E%3C%2Fg%3E%3C%2Fsvg%3E    ');}/*!sc*/
data-styled.g513[id="sc-d01c35f5-0"]{content:"gCesel,cULCHH,QYjRN,"}/*!sc*/
.eWkxVy{grid-area:trolley;}/*!sc*/
data-styled.g514[id="sc-d01c35f5-1"]{content:"eWkxVy,"}/*!sc*/
.ftldSe{grid-area:searchIcon;display:none;opacity:0;-webkit-transition:opacity 0.3s ease-out;transition:opacity 0.3s ease-out;}/*!sc*/
@media only screen and (min-width:0) and (max-width:612px) and (max-height:400px){.ftldSe{display:block;}}/*!sc*/
@media (min-width:0) and (max-width:767px){.ftldSe{display:block;}}/*!sc*/
data-styled.g515[id="sc-d01c35f5-2"]{content:"ftldSe,"}/*!sc*/
.eQdLqq{grid-area:brand-switcher;}/*!sc*/
@media (min-width:0) and (max-width:767px){.eQdLqq{display:none;}}/*!sc*/
data-styled.g516[id="sc-d01c35f5-3"]{content:"eQdLqq,"}/*!sc*/
.itQdLZ{grid-area:lists;}/*!sc*/
@media (min-width:0) and (max-width:767px){.itQdLZ{display:none;}}/*!sc*/
data-styled.g517[id="sc-d01c35f5-4"]{content:"itQdLZ,"}/*!sc*/
.iyJaJk{grid-area:hamburger;}/*!sc*/
.iyJaJk:focus:not(:focus-visible){box-shadow:none;z-index:initial;}/*!sc*/
.iyJaJk:focus-visible{box-shadow:0 0 0 0.125rem var(--colors-rdsColorInteractive-focus,var(--colors-info-main,#2670EE));z-index:1;}/*!sc*/
@media (min-width:768px){.iyJaJk{display:none;}}/*!sc*/
data-styled.g518[id="sc-d01c35f5-5"]{content:"iyJaJk,"}/*!sc*/
.QmJge{font-family:var(--typography-utility_100-fontFamily,var(--typography-body-fontFamily,"SourceSansPro-Regular","Lucida Sans",sans-serif));font-size:var(--typography-utility_100-fontSize,0.75rem);line-height:var(--typography-utility_100-lineHeight,1rem);font-weight:var(--typography-utility_100-fontWeight,400);-webkit-letter-spacing:var(--typography-utility_100-letterSpacing,0.32px);-moz-letter-spacing:var(--typography-utility_100-letterSpacing,0.32px);-ms-letter-spacing:var(--typography-utility_100-letterSpacing,0.32px);letter-spacing:var(--typography-utility_100-letterSpacing,0.32px);font-style:var(--typography-utility_100-fontStyle,normal);display:grid;grid-template-areas: 'hamburger logo empty-div searchIcon user trolley' 'search-box search-box search-box search-box search-box search-box';grid-template-columns:40px min-content 1fr 56px 91px 56px;grid-template-rows:72px 48px;-webkit-align-items:center;-webkit-box-align:center;-ms-flex-align:center;align-items:center;-webkit-column-gap:auto;column-gap:auto;}/*!sc*/
@media (min-width:768px){.QmJge{grid-template-areas:'logo search-box brand-switcher user lists trolley';grid-template-columns:min-content 1fr repeat(2,91px) 56px min-content;grid-template-rows:80px;-webkit-column-gap:6px;column-gap:6px;}}/*!sc*/
data-styled.g519[id="sc-d01c35f5-6"]{content:"QmJge,"}/*!sc*/
.coTJXh{grid-area:search-box;-webkit-align-self:start;-ms-flex-item-align:start;align-self:start;padding:0 0.5rem;position:relative;}/*!sc*/
@media (min-width:768px){.coTJXh{padding:1rem 1.625rem 0px;}.coTJXh .search-box-modal{position:absolute;top:0;left:0.1875rem;width:80vw;max-width:65.625rem;}}/*!sc*/
data-styled.g520[id="sc-d01c35f5-7"]{content:"coTJXh,"}/*!sc*/
.bqsPXg{border-bottom:1px solid var(--colors-rdsColorBorder-lightest,#E0E0E0);height:11.5rem;background:white;position:fixed;top:0;z-index:999;width:100vw;-webkit-transition:height 0.4s cubic-bezier(0.1,0,0.2,1) 0s;transition:height 0.4s cubic-bezier(0.1,0,0.2,1) 0s;}/*!sc*/
@media only screen and (min-width:0) and (max-width:612px) and (max-height:400px){.bqsPXg{position:relative;}}/*!sc*/
.bqsPXg .header-bottom-wrapper{height:auto;opacity:1;-webkit-transition:opacity 0.1s 0.3s ease-in;transition:opacity 0.1s 0.3s ease-in;}/*!sc*/
@media (max-width:767px){.bqsPXg{height:14.625rem;}.bqsPXg .header-bottom-wrapper,.bqsPXg .search-box-wrapper{opacity:1;-webkit-transition:opacity 0.1s 0.3s ease-in;transition:opacity 0.1s 0.3s ease-in;}}/*!sc*/
@media only screen and (min-width:0) and (max-width:612px) and (max-height:400px){.bqsPXg{height:'184px';}.bqsPXg .header-bottom-wrapper,.bqsPXg .search-box-wrapper{opacity:1;height:auto;-webkit-transition:opacity 0.1s 0.3s ease-in;transition:opacity 0.1s 0.3s ease-in;}}/*!sc*/
data-styled.g521[id="sc-d01c35f5-8"]{content:"bqsPXg,"}/*!sc*/
.irthfY{margin-top:11.5rem;}/*!sc*/
@media (max-width:767px){.irthfY{margin-top:14.625rem;}}/*!sc*/
@media only screen and (min-width:0) and (max-width:612px) and (max-height:400px){.irthfY{margin-top:0;}}/*!sc*/
data-styled.g522[id="sc-d01c35f5-9"]{content:"irthfY,"}/*!sc*/
.ivfRzX{max-width:1440px;margin:0 auto;padding:0 0.75rem;}/*!sc*/
@media (min-width:768px){.ivfRzX{padding:0 1.5rem;}}/*!sc*/
@media (min-width:1024px){.ivfRzX{padding:0 2rem;}}/*!sc*/
@media (min-width:1200px){.ivfRzX{padding:0 3rem;}}/*!sc*/
data-styled.g523[id="sc-d01c35f5-10"]{content:"ivfRzX,"}/*!sc*/
.bHUiPc{font-family:var(--typography-utility_300-fontFamily,var(--typography-body-fontFamily,"SourceSansPro-Regular","Lucida Sans",sans-serif));font-size:var(--typography-utility_300-fontSize,1rem);line-height:var(--typography-utility_300-lineHeight,1.5rem);font-weight:var(--typography-utility_300-fontWeight,400);-webkit-letter-spacing:var(--typography-utility_300-letterSpacing,0px);-moz-letter-spacing:var(--typography-utility_300-letterSpacing,0px);-ms-letter-spacing:var(--typography-utility_300-letterSpacing,0px);letter-spacing:var(--typography-utility_300-letterSpacing,0px);font-style:var(--typography-utility_300-fontStyle,normal);padding-left:0.75rem;padding-right:0.75rem;height:3rem;z-index:4 !important;position:relative;}/*!sc*/
.bHUiPc svg:first-child{color:var(--colors-rdsColorText-brand,var(--colors-primary-main,#E01A22));}/*!sc*/
@media (min-width:768px){.bHUiPc span{max-width:9.375rem;white-space:nowrap;overflow:hidden;text-overflow:ellipsis;}}/*!sc*/
@media (min-width:890px){.bHUiPc span{max-width:15.625rem;}}/*!sc*/
@media (max-width:767px){.bHUiPc{font-family:var(--typography-utility_200-fontFamily,var(--typography-body-fontFamily,"SourceSansPro-Regular","Lucida Sans",sans-serif));font-size:var(--typography-utility_200-fontSize,0.875rem);line-height:var(--typography-utility_200-lineHeight,1.25rem);font-weight:var(--typography-utility_200-fontWeight,400);-webkit-letter-spacing:var(--typography-utility_200-letterSpacing,0.16px);-moz-letter-spacing:var(--typography-utility_200-letterSpacing,0.16px);-ms-letter-spacing:var(--typography-utility_200-letterSpacing,0.16px);letter-spacing:var(--typography-utility_200-letterSpacing,0.16px);font-style:var(--typography-utility_200-fontStyle,normal);display:-webkit-box;display:-webkit-flex;display:-ms-flexbox;display:flex;-webkit-box-pack:start;-webkit-justify-content:flex-start;-ms-flex-pack:start;justify-content:flex-start;width:100%;padding:0.5rem;}.bHUiPc span{width:100%;}}/*!sc*/
data-styled.g527[id="sc-d01c35f5-14"]{content:"bHUiPc,"}/*!sc*/
.AWEJh{font-family:var(--typography-utility_300-fontFamily,var(--typography-body-fontFamily,"SourceSansPro-Regular","Lucida Sans",sans-serif));font-size:var(--typography-utility_300-fontSize,1rem);line-height:var(--typography-utility_300-lineHeight,1.5rem);font-weight:var(--typography-utility_300-fontWeight,400);-webkit-letter-spacing:var(--typography-utility_300-letterSpacing,0px);-moz-letter-spacing:var(--typography-utility_300-letterSpacing,0px);-ms-letter-spacing:var(--typography-utility_300-letterSpacing,0px);letter-spacing:var(--typography-utility_300-letterSpacing,0px);font-style:var(--typography-utility_300-fontStyle,normal);padding-left:12px;padding-right:12px;}/*!sc*/
data-styled.g533[id="sc-cff79294-1"]{content:"AWEJh,"}/*!sc*/
.bYGTNN{display:-webkit-box;display:-webkit-flex;display:-ms-flexbox;display:flex;-webkit-box-pack:justify;-webkit-justify-content:space-between;-ms-flex-pack:justify;justify-content:space-between;-webkit-align-items:center;-webkit-box-align:center;-ms-flex-align:center;align-items:center;margin-top:8px;}/*!sc*/
data-styled.g534[id="sc-c5f13d68-0"]{content:"bYGTNN,"}/*!sc*/
.fexBqP{display:-webkit-box;display:-webkit-flex;display:-ms-flexbox;display:flex;line-height:48px;margin-bottom:8px;margin-left:-12px;white-space:nowrap;}/*!sc*/
.fexBqP button{display:none;}/*!sc*/
.fexBqP .shop-categories{font-family:var(--typography-heading_200-fontFamily,var(--typography-heading-fontFamily,"AvantGardeGothic",Arial,sans-serif));font-size:var(--typography-heading_200-fontSize,0.875rem);line-height:var(--typography-heading_200-lineHeight,1.25rem);font-weight:var(--typography-heading_200-fontWeight,700);-webkit-letter-spacing:var(--typography-heading_200-letterSpacing,0.16px);-moz-letter-spacing:var(--typography-heading_200-letterSpacing,0.16px);-ms-letter-spacing:var(--typography-heading_200-letterSpacing,0.16px);letter-spacing:var(--typography-heading_200-letterSpacing,0.16px);font-style:var(--typography-heading_200-fontStyle,normal);display:-webkit-box;display:-webkit-flex;display:-ms-flexbox;display:flex;-webkit-align-items:center;-webkit-box-align:center;-ms-flex-align:center;align-items:center;}/*!sc*/
@media (min-width:0) and (max-width:767px){.fexBqP{display:none;}}/*!sc*/
@media (max-width:1343px){.fexBqP li:nth-last-child(-n + 2){display:none;}.fexBqP li:last-child{display:list-item;}.fexBqP button{display:-webkit-inline-box;display:-webkit-inline-flex;display:-ms-inline-flexbox;display:inline-flex;height:48px;}}/*!sc*/
data-styled.g535[id="sc-c5f13d68-1"]{content:"fexBqP,"}/*!sc*/
.gEzNJW{margin-right:-12px;margin-bottom:8px;}/*!sc*/
@media (max-width:767px){.gEzNJW{width:100%;margin:0 0 8px;}}/*!sc*/
data-styled.g537[id="sc-c5f13d68-3"]{content:"gEzNJW,"}/*!sc*/
.cKuWtm{font-family:var(--typography-utility_300-fontFamily,var(--typography-body-fontFamily,"SourceSansPro-Regular","Lucida Sans",sans-serif));font-size:var(--typography-utility_300-fontSize,1rem);line-height:var(--typography-utility_300-lineHeight,1.5rem);font-weight:var(--typography-utility_300-fontWeight,400);-webkit-letter-spacing:var(--typography-utility_300-letterSpacing,0px);-moz-letter-spacing:var(--typography-utility_300-letterSpacing,0px);-ms-letter-spacing:var(--typography-utility_300-letterSpacing,0px);letter-spacing:var(--typography-utility_300-letterSpacing,0px);font-style:var(--typography-utility_300-fontStyle,normal);color:var(--colors-rdsColorText-dark,#212121);padding:12px;border-radius:var(--borderRadius-default,4px);margin:0 8px 0 0;position:relative;outline:none;-webkit-column-gap:0px;column-gap:0px;}/*!sc*/
.cKuWtm:hover{background:var(--colors-rdsColorInteractive-uiHover,#F5F5F5);-webkit-text-decoration:underline;text-decoration:underline;}/*!sc*/
.cKuWtm:active{background:var(--colors-rdsColorInteractive-uiActive,#E0E0E0);}/*!sc*/
.cKuWtm:focus{box-shadow:0 0 0 2px var(--colors-rdsColorInteractive-focus,var(--colors-info-main,#2670EE));z-index:1;}/*!sc*/
.cKuWtm:focus:not(:focus-visible){box-shadow:none;z-index:initial;}/*!sc*/
.cKuWtm:focus-visible{box-shadow:0 0 0 2px var(--colors-rdsColorInteractive-focus,var(--colors-info-main,#2670EE));z-index:1;}/*!sc*/
.cKuWtm svg{margin-right:6px;}/*!sc*/
.cKuWtm svg{color:var(--colors-rdsColorText-brand,var(--colors-primary-main,#E01A22));margin-right:0.5rem;}/*!sc*/
.cKuWtm:hover .sc-f1554e33-0{-webkit-text-decoration:none;text-decoration:none;}/*!sc*/
data-styled.g538[id="sc-c5f13d68-4"]{content:"cKuWtm,"}/*!sc*/
.cVEzau{z-index:2;background:transparent;}/*!sc*/
.cVEzau:disabled,.cVEzau:hover:disabled,.cVEzau:focus:disabled{background:transparent;opacity:1;cursor:default;}/*!sc*/
data-styled.g561[id="sc-ccb869cc-1"]{content:"cVEzau,"}/*!sc*/
.kmGvdf{position:relative;width:100%;}/*!sc*/
.kmGvdf .search-button{position:absolute;top:0.3125rem;right:0.5rem;}/*!sc*/
.kmGvdf .search-box-trigger{margin-top:0;padding-left:1.5rem;border-radius:var(--borderRadius-round,9999px);background-color:var(--colors-rdsColorBackground-secondary,#F5F5F5);}/*!sc*/
.kmGvdf .search-box-trigger:hover,.kmGvdf .search-box-trigger:active{background-color:var(--colors-rdsColorBackground-defaultColor,var(--colors-background-default,#FFFFFF));}/*!sc*/
.kmGvdf .search-box-trigger input::-webkit-input-placeholder{color:var(--colors-rdsColorText-dark,#212121);opacity:1;}/*!sc*/
.kmGvdf .search-box-trigger input::-moz-placeholder{color:var(--colors-rdsColorText-dark,#212121);opacity:1;}/*!sc*/
.kmGvdf .search-box-trigger input:-ms-input-placeholder{color:var(--colors-rdsColorText-dark,#212121);opacity:1;}/*!sc*/
.kmGvdf .search-box-trigger input::placeholder{color:var(--colors-rdsColorText-dark,#212121);opacity:1;}/*!sc*/
.kmGvdf label{-webkit-clip:rect(0 0 0 0);clip:rect(0 0 0 0);-webkit-clip-path:inset(50%);clip-path:inset(50%);height:0.0625rem;overflow:hidden;position:absolute;white-space:nowrap;width:0.0625rem;}/*!sc*/
data-styled.g570[id="sc-f9747974-0"]{content:"kmGvdf,"}/*!sc*/
.YkuqI{position:relative;padding:0;}/*!sc*/
.YkuqI .sc-8f2eec59-0{position:absolute;z-index:1;top:6px;left:50%;margin-left:10px;-webkit-transform:translateX(-50%);-ms-transform:translateX(-50%);transform:translateX(-50%);}/*!sc*/
@media (min-width:768px){.YkuqI .sc-8f2eec59-0{left:33px;}}/*!sc*/
data-styled.g585[id="sc-f1c70318-0"]{content:"YkuqI,"}/*!sc*/
@media (min-width:0) and (max-width:767px){.gxBoHK{display:none;}}/*!sc*/
data-styled.g586[id="sc-f1c70318-1"]{content:"gxBoHK,"}/*!sc*/
.irUTZL{font-family:var(--typography-utility_100-fontFamily,var(--typography-body-fontFamily,"SourceSansPro-Regular","Lucida Sans",sans-serif));font-size:var(--typography-utility_100-fontSize,0.75rem);line-height:var(--typography-utility_100-lineHeight,1rem);font-weight:var(--typography-utility_100-fontWeight,400);-webkit-letter-spacing:var(--typography-utility_100-letterSpacing,0.32px);-moz-letter-spacing:var(--typography-utility_100-letterSpacing,0.32px);-ms-letter-spacing:var(--typography-utility_100-letterSpacing,0.32px);letter-spacing:var(--typography-utility_100-letterSpacing,0.32px);font-style:var(--typography-utility_100-fontStyle,normal);height:56px;min-width:56px;background:var(--colors-rdsColorBackground-defaultColor,var(--colors-background-default,#FFFFFF));border:none;border-radius:var(--borderRadius-default,4px);padding:24px 2px 0;text-align:center;color:var(--colors-rdsColorText-defaultColor,var(--colors-text-primary,#3D3D3D));position:relative;}/*!sc*/
.irUTZL:focus,.irUTZL:focus-visible{outline:none;box-shadow:0 0 0 2px var(--colors-rdsColorInteractive-focus,var(--colors-info-main,#2670EE)) inset;}/*!sc*/
.irUTZL:focus:not(:focus-visible){outline:none;box-shadow:none;}/*!sc*/
.irUTZL:hover{background:var(--colors-rdsColorBackground-secondary,#F5F5F5);-webkit-text-decoration:underline;text-decoration:underline;}/*!sc*/
.irUTZL:active{background:var(--colors-rdsColorBackground-tertiary,#E0E0E0);}/*!sc*/
.irUTZL::before{content:'';position:absolute;top:8px;left:50%;-webkit-transform:translate(-50%,0);-ms-transform:translate(-50%,0);transform:translate(-50%,0);width:24px;height:24px;background-image:url('data:image/svg+xml;charset=utf8,%3Csvg%20focusable%3D%22false%22%20xmlns%3D%22http%3A%2F%2Fwww.w3.org%2F2000%2Fsvg%22%20width%3D%2224%22%20height%3D%2224%22%20viewBox%3D%220%200%2024%2024%22%20color%3D%22currentColor%22%3E%3Cg%20fill%3D%22none%22%20fill-rule%3D%22evenodd%22%3E%3Cpath%20stroke%3D%22currentColor%22%20stroke-linecap%3D%22round%22%20stroke-linejoin%3D%22round%22%20stroke-width%3D%222%22%20vector-effect%3D%22non-scaling-stroke%22%20d%3D%22M8%2C22%20C8.55228475%2C22%209%2C21.5522847%209%2C21%20C9%2C20.4477153%208.55228475%2C20%208%2C20%20C7.44771525%2C20%207%2C20.4477153%207%2C21%20C7%2C21.5522847%207.44771525%2C22%208%2C22%20Z%20M18%2C22%20C18.5522847%2C22%2019%2C21.5522847%2019%2C21%20C19%2C20.4477153%2018.5522847%2C20%2018%2C20%20C17.4477153%2C20%2017%2C20.4477153%2017%2C21%20C17%2C21.5522847%2017.4477153%2C22%2018%2C22%20Z%20M2%2C3%20L4.5%2C3%20L6.68%2C14.39%20C6.86873697%2C15.3402315%207.71138394%2C16.0185624%208.68%2C16%20L17.4%2C16%20C18.3686161%2C16.0185624%2019.211263%2C15.3402315%2019.4%2C14.39%20L21%2C7%20L5.5%2C7%22%3E%3C%2Fpath%3E%3C%2Fg%3E%3C%2Fsvg%3E');}/*!sc*/
@media (min-width:768px){.irUTZL{display:none;}}/*!sc*/
data-styled.g587[id="sc-f1c70318-2"]{content:"irUTZL,"}/*!sc*/
@media (max-width:1023px){.fJcBvk{padding-bottom:1.5rem;}}/*!sc*/
@media (min-width:1024px){.fJcBvk{padding-bottom:3rem;}}/*!sc*/
data-styled.g639[id="sc-270f89c5-0"]{content:"fJcBvk,"}/*!sc*/
.eDWRVR{position:relative;}/*!sc*/
.eDWRVR .sc-8af4e7be-0{z-index:1000;}/*!sc*/
.eDWRVR .skip-to-content{position:absolute;top:-166px;left:0.5rem;}/*!sc*/
data-styled.g640[id="sc-270f89c5-1"]{content:"eDWRVR,"}/*!sc*/
*,*::before,*::after{box-sizing:border-box;padding:0;margin:0;}/*!sc*/
body,html{font-family:'SourceSansPro-Regular',Helvetica,Arial,sans-serif;-webkit-font-smoothing:antialiased;-moz-osx-font-smoothing:grayscale;}/*!sc*/
ul{list-style:none;}/*!sc*/
a{color:inherit;-webkit-text-decoration:none;text-decoration:none;}/*!sc*/
.sr-only:not(:focus):not(:active){-webkit-clip:rect(0 0 0 0);clip:rect(0 0 0 0);-webkit-clip-path:inset(50%);clip-path:inset(50%);height:1px;overflow:hidden;position:absolute;white-space:nowrap;width:1px;}/*!sc*/
[data-reactroot]{height:100vh;display:-webkit-box;display:-webkit-flex;display:-ms-flexbox;display:flex;-webkit-flex-direction:column;-ms-flex-direction:column;flex-direction:column;}/*!sc*/
[data-reactroot] > main{-webkit-flex:1;-ms-flex:1;flex:1;}/*!sc*/
data-styled.g760[id="sc-global-bBanKI1"]{content:"sc-global-bBanKI1,"}/*!sc*/
.gIjRfw{margin-top:24px;display:-webkit-box;display:-webkit-flex;display:-ms-flexbox;display:flex;width:100%;-webkit-box-pack:justify;-webkit-justify-content:space-between;-ms-flex-pack:justify;justify-content:space-between;-webkit-align-items:center;-webkit-box-align:center;-ms-flex-align:center;align-items:center;}/*!sc*/
.gIjRfw .sort-dropdown{display:none;}/*!sc*/
@media (min-width:1024px){.gIjRfw button:last-child{display:none;}.gIjRfw .sort-dropdown{display:-webkit-box;display:-webkit-flex;display:-ms-flexbox;display:flex;}}/*!sc*/
data-styled.g785[id="sc-a3735c22-0"]{content:"gIjRfw,"}/*!sc*/
.jZAERn{color:var(--colors-rdsColorText-light,#6F6F6F);font-family:var(--typography-utility_200-fontFamily,var(--typography-body-fontFamily,"SourceSansPro-Regular","Lucida Sans",sans-serif));font-size:var(--typography-utility_200-fontSize,0.875rem);line-height:var(--typography-utility_200-lineHeight,1.25rem);font-weight:var(--typography-utility_200-fontWeight,400);-webkit-letter-spacing:var(--typography-utility_200-letterSpacing,0.16px);-moz-letter-spacing:var(--typography-utility_200-letterSpacing,0.16px);-ms-letter-spacing:var(--typography-utility_200-letterSpacing,0.16px);letter-spacing:var(--typography-utility_200-letterSpacing,0.16px);font-style:var(--typography-utility_200-fontStyle,normal);min-width:128px;}/*!sc*/
data-styled.g786[id="sc-a3735c22-1"]{content:"jZAERn,"}/*!sc*/
</style></head><body><div id="__next" data-reactroot=""><div tabindex="-1" data-testid="focus-ref" class="sc-43a0ac14-0 JhNzy coles-targeting-ScrollToTopWrapper"><div class="sc-270f89c5-1 eDWRVR"><a href="#" class="sc-89ccdc56-0-a sc-8af4e7be-0 gRqtFw iUOqmE skip-to-content coles-targeting-ButtonButton button coles-targeting-ButtonButton button"><span aria-hidden="false" class="sc-d0f9d37-0 jOljGY coles-targeting-ButtonButtonChildContainer">Skip to main content</span></a><div id="coles-targeting-header-container"><header class="sc-d01c35f5-8 bqsPXg coles-targeting-HeaderHeaderWrapper"><div class="sc-f47847b4-0 cMPOTk"><style data-emotion="css 1gu67t2 animation-wiooy9">.css-1gu67t2{display:block;background-color:rgba(61, 61, 61, 0.11);height:1.2em;position:relative;overflow:hidden;-webkit-mask-image:-webkit-radial-gradient(white, black);background:var(--colors-rdsColorBackground-secondary, #F5F5F5);margin:0px 0px 0px 0px;width:100%;height:100%;}.css-1gu67t2::after{-webkit-animation:animation-wiooy9 1.6s linear 0.5s infinite;animation:animation-wiooy9 1.6s linear 0.5s infinite;background:linear-gradient(
          90deg,
          transparent,
          rgba(0, 0, 0, 0.04),
          transparent
        );content:'';position:absolute;-webkit-transform:translateX(-100%);-moz-transform:translateX(-100%);-ms-transform:translateX(-100%);transform:translateX(-100%);bottom:0;left:0;right:0;top:0;}.css-1gu67t2.MuiSkeleton-wave::after{background:linear-gradient(
        90deg,
        transparent,
        var(--colors-rdsColorBackground-secondary, #F5F5F5),
        transparent
      );-webkit-filter:brightness(0.975);filter:brightness(0.975);}@-webkit-keyframes animation-wiooy9{0%{-webkit-transform:translateX(-100%);-moz-transform:translateX(-100%);-ms-transform:translateX(-100%);transform:translateX(-100%);}50%{-webkit-transform:translateX(100%);-moz-transform:translateX(100%);-ms-transform:translateX(100%);transform:translateX(100%);}100%{-webkit-transform:translateX(100%);-moz-transform:translateX(100%);-ms-transform:translateX(100%);transform:translateX(100%);}}@keyframes animation-wiooy9{0%{-webkit-transform:translateX(-100%);-moz-transform:translateX(-100%);-ms-transform:translateX(-100%);transform:translateX(-100%);}50%{-webkit-transform:translateX(100%);-moz-transform:translateX(100%);-ms-transform:translateX(100%);transform:translateX(100%);}100%{-webkit-transform:translateX(100%);-moz-transform:translateX(100%);-ms-transform:translateX(100%);transform:translateX(100%);}}</style><span class="MuiSkeleton-root MuiSkeleton-rectangular MuiSkeleton-wave css-1gu67t2"></span></div><div data-testid="header" class="sc-d01c35f5-10 ivfRzX coles-targeting-HeaderHeaderContainer"><div class="sc-d01c35f5-6 QmJge coles-targeting-HeaderHeaderMain"><button data-testid="header-hamburger" aria-label="Menu" class="sc-89ccdc56-0 sc-d01c35f5-5 iPRcRz iyJaJk header-hamburger coles-targeting-ButtonButton button coles-targeting-ButtonButton button"><span aria-hidden="false" class="sc-d0f9d37-0 jNUVFE coles-targeting-ButtonButtonChildContainer"><svg focusable="false" xmlns="http://www.w3.org/2000/svg" width="24" height="24" viewBox="0 0 24 24"><g fill="none" fill-rule="evenodd"><path stroke="currentColor" stroke-linecap="round" stroke-linejoin="round" stroke-width="2" vector-effect="non-scaling-stroke" d="M3,12 L21,12 M3,6 L21,6 M3,18 L21,18"></path></g></svg></span></button><a href="/new" aria-label="Coles home" data-testid="header-logo" class="sc-1360ef9f-0 cgihIO coles-targeting-BrandLogoLogoWrapper"><svg focusable="false" xmlns="http://www.w3.org/2000/svg" width="103" height="32" viewBox="0 0 103 32"><title>Coles Logo</title><g fill-rule="evenodd"><path d="M94.9513 17.3938L92.0453 16.7406C89.7084 16.205 88.2607 15.5385 88.2607 13.8643C88.2607 12.3607 89.7242 11.4257 92.0782 11.4257C95.0711 11.4257 96.7217 12.6159 96.8508 14.8693L96.8534 14.9103H101.667V14.8667C101.667 12.6556 100.795 10.787 99.1455 9.46458C97.4752 8.12629 95.0922 7.41879 92.2521 7.41879C89.5095 7.41879 87.224 8.10381 85.6419 9.39979C84.0914 10.6693 83.272 12.4691 83.272 14.6048C83.272 16.4695 83.8385 17.8316 85.0544 18.8895C86.1609 19.8522 87.8655 20.5941 90.4197 21.2236L93.8474 22.095C96.1842 22.6822 97.3725 23.2667 97.3725 24.8404C97.3725 26.6944 95.6257 27.8449 92.8159 27.8449C89.4383 27.8449 87.6929 26.4908 87.4795 23.7031L87.4769 23.6013H82.6213V23.7058C82.6213 28.9373 86.1793 31.9392 92.3825 31.9392C95.4755 31.9392 98.0166 31.2264 99.7304 29.8762C101.423 28.5458 102.318 26.5926 102.318 24.2308C102.318 19.9263 99.7291 18.5073 94.9513 17.3938ZM76.4115 16.6123C75.3419 13.0682 72.2923 11.7947 70.0542 11.7934H70.0529H70.0516C67.8135 11.7947 64.7639 13.0682 63.693 16.6123H76.4115ZM81.7123 19.5586C81.7137 19.9765 81.6952 20.3878 81.6623 20.7885H76.7224V20.7845H63.3834C63.8971 24.7994 66.8031 27.3199 70.0529 27.3186C72.4543 27.3186 74.6674 25.9393 75.8662 23.6013H81.1472C79.5954 28.8156 75.0613 32.0013 70.0542 31.9987H70.0529H70.0516C63.855 32.0026 58.379 27.1216 58.3934 19.5586C58.3803 10.4339 65.2829 7.35929 70.0516 7.35664H70.0529H70.0542C74.8242 7.35929 81.7255 10.4339 81.7123 19.5586ZM51.421 0.00132242L51.417 31.397L56.7969 31.3983L56.7956 0L51.421 0.00132242ZM44.9174 19.679C44.9174 15.5953 41.6202 12.2866 37.5537 12.2866C33.4872 12.2866 30.1887 15.5953 30.1887 19.679C30.1887 23.76 33.4872 27.07 37.5537 27.07C41.6202 27.07 44.9174 23.76 44.9174 19.679ZM49.827 19.679C49.827 26.4842 44.3325 32 37.5537 32C30.7749 32 25.2791 26.4842 25.2791 19.679C25.2791 12.8738 30.7749 7.35796 37.5537 7.35796C44.3325 7.35796 49.827 12.8738 49.827 19.679ZM4.90959 19.6803C4.90959 23.7613 8.2068 27.0713 12.2746 27.0713C15.2702 27.0713 17.8455 25.2742 18.9955 22.6981H24.1752C22.8341 28.042 18.0154 32 12.2746 32C5.49579 32 0 26.4828 0 19.6803C0 12.8738 5.49579 7.35796 12.2746 7.35796C18.0154 7.35796 22.8341 11.3147 24.1752 16.6599H18.9955C17.8455 14.0825 15.2702 12.2853 12.2746 12.2853C8.2068 12.2853 4.90959 15.5953 4.90959 19.6803Z" fill="#E01A22"></path></g></svg></a><div class="sc-d01c35f5-7 coTJXh search-box-wrapper"><div class="sc-f9747974-0 kmGvdf coles-targeting-SearchInputWrapper"><style data-emotion="css tzsjye">.css-tzsjye{display:-webkit-inline-box;display:-webkit-inline-flex;display:-ms-inline-flexbox;display:inline-flex;-webkit-flex-direction:column;-ms-flex-direction:column;flex-direction:column;position:relative;min-width:0;padding:0;margin:0;border:0;vertical-align:top;width:100%;}</style><div class="MuiFormControl-root MuiFormControl-fullWidth css-tzsjye"><label for="search-text-input" class="sc-37e59ee2-0 oqgXe coles-targeting-TextInputStyledLabel">Search Products</label><style data-emotion="css-global 1prfaxn">@-webkit-keyframes mui-auto-fill{from{display:block;}}@keyframes mui-auto-fill{from{display:block;}}@-webkit-keyframes mui-auto-fill-cancel{from{display:block;}}@keyframes mui-auto-fill-cancel{from{display:block;}}</style><style data-emotion="css oasusv">.css-oasusv{font-family:"Roboto","Helvetica","Arial",sans-serif;font-weight:400;font-size:1rem;line-height:1.4375em;letter-spacing:0.00938em;color:rgba(0, 0, 0, 0.87);box-sizing:border-box;position:relative;cursor:text;display:-webkit-inline-box;display:-webkit-inline-flex;display:-ms-inline-flexbox;display:inline-flex;-webkit-align-items:center;-webkit-box-align:center;-ms-flex-align:center;align-items:center;}.css-oasusv.Mui-disabled{color:rgba(0, 0, 0, 0.38);cursor:default;}</style><div data-testid="search-modal-trigger" class="MuiInputBase-root MuiInputBase-colorPrimary MuiInputBase-formControl sc-37e59ee2-7 cdPcHh search-box-trigger search-box-trigger css-oasusv"><style data-emotion="css mnn31">.css-mnn31{font:inherit;letter-spacing:inherit;color:currentColor;padding:4px 0 5px;border:0;box-sizing:content-box;background:none;height:1.4375em;margin:0;-webkit-tap-highlight-color:transparent;display:block;min-width:0;width:100%;-webkit-animation-name:mui-auto-fill-cancel;animation-name:mui-auto-fill-cancel;-webkit-animation-duration:10ms;animation-duration:10ms;}.css-mnn31::-webkit-input-placeholder{color:currentColor;opacity:0.42;-webkit-transition:opacity 200ms cubic-bezier(0.4, 0, 0.2, 1) 0ms;transition:opacity 200ms cubic-bezier(0.4, 0, 0.2, 1) 0ms;}.css-mnn31::-moz-placeholder{color:currentColor;opacity:0.42;-webkit-transition:opacity 200ms cubic-bezier(0.4, 0, 0.2, 1) 0ms;transition:opacity 200ms cubic-bezier(0.4, 0, 0.2, 1) 0ms;}.css-mnn31:-ms-input-placeholder{color:currentColor;opacity:0.42;-webkit-transition:opacity 200ms cubic-bezier(0.4, 0, 0.2, 1) 0ms;transition:opacity 200ms cubic-bezier(0.4, 0, 0.2, 1) 0ms;}.css-mnn31::-ms-input-placeholder{color:currentColor;opacity:0.42;-webkit-transition:opacity 200ms cubic-bezier(0.4, 0, 0.2, 1) 0ms;transition:opacity 200ms cubic-bezier(0.4, 0, 0.2, 1) 0ms;}.css-mnn31:focus{outline:0;}.css-mnn31:invalid{box-shadow:none;}.css-mnn31::-webkit-search-decoration{-webkit-appearance:none;}label[data-shrink=false]+.MuiInputBase-formControl .css-mnn31::-webkit-input-placeholder{opacity:0!important;}label[data-shrink=false]+.MuiInputBase-formControl .css-mnn31::-moz-placeholder{opacity:0!important;}label[data-shrink=false]+.MuiInputBase-formControl .css-mnn31:-ms-input-placeholder{opacity:0!important;}label[data-shrink=false]+.MuiInputBase-formControl .css-mnn31::-ms-input-placeholder{opacity:0!important;}label[data-shrink=false]+.MuiInputBase-formControl .css-mnn31:focus::-webkit-input-placeholder{opacity:0.42;}label[data-shrink=false]+.MuiInputBase-formControl .css-mnn31:focus::-moz-placeholder{opacity:0.42;}label[data-shrink=false]+.MuiInputBase-formControl .css-mnn31:focus:-ms-input-placeholder{opacity:0.42;}label[data-shrink=false]+.MuiInputBase-formControl .css-mnn31:focus::-ms-input-placeholder{opacity:0.42;}.css-mnn31.Mui-disabled{opacity:1;-webkit-text-fill-color:rgba(0, 0, 0, 0.38);}.css-mnn31:-webkit-autofill{-webkit-animation-duration:5000s;animation-duration:5000s;-webkit-animation-name:mui-auto-fill;animation-name:mui-auto-fill;}</style><input type="text" aria-invalid="false" aria-describedby="search-text-input-description-text search-text-input-helper-text" id="search-text-input" name="search-text-input" placeholder="Search products" value="" class="MuiInputBase-input css-mnn31"/></div><style data-emotion="css v7esy">.css-v7esy{color:rgba(0, 0, 0, 0.6);font-family:"Roboto","Helvetica","Arial",sans-serif;font-weight:400;font-size:0.75rem;line-height:1.66;letter-spacing:0.03333em;text-align:left;margin-top:3px;margin-right:14px;margin-bottom:0;margin-left:14px;}.css-v7esy.Mui-disabled{color:rgba(0, 0, 0, 0.38);}.css-v7esy.Mui-error{color:#d32f2f;}</style><p class="MuiFormHelperText-root MuiFormHelperText-sizeMedium MuiFormHelperText-contained sc-37e59ee2-6 eOJTMU coles-targeting-TextInputStyledFormHelperText css-v7esy" id="search-text-input-helper-text" data-testid="search-text-input-form-helper-text"></p></div><button type="submit" data-testid="search-box-search-button" aria-label="Search" class="sc-89ccdc56-0 sc-ccb869cc-1 iPRcRz cVEzau search-button coles-targeting-ButtonButton button coles-targeting-ButtonButton button"><span aria-hidden="false" class="sc-d0f9d37-0 jNUVFE coles-targeting-ButtonButtonChildContainer"><svg focusable="false" xmlns="http://www.w3.org/2000/svg" width="24" height="24" viewBox="0 0 24 24"><g fill="none" fill-rule="evenodd"><path stroke="currentColor" stroke-linecap="round" stroke-linejoin="round" stroke-width="2" vector-effect="non-scaling-stroke" d="M21,21 L15,15 L21,21 Z M10,3 C6.13400675,3 3,6.13400675 3,10 C3,13.8659932 6.13400675,17 10,17 C11.8565154,17 13.6369928,16.2625021 14.9497475,14.9497475 C16.2625021,13.6369928 17,11.8565154 17,10 C17,6.13400675 13.8659932,3 10,3 Z"></path></g></svg></span></button></div><div id="search-box-menu-wrapper-root"></div></div><button aria-hidden="true" tabindex="-1" data-testid="search-icon" class="sc-d01c35f5-0 sc-d01c35f5-2 gCesel ftldSe quick-links quick-links quick-links">Search</button><button data-testid="header-brand-switcher" class="sc-d01c35f5-0 sc-d01c35f5-3 cULCHH eQdLqq quick-links quick-links quick-links">More from Coles</button><button data-testid="header-user" class="sc-2ae3864e-2 eUrBSY quick-links quick-links">Log in / Sign up</button><button data-testid="header-shopping-lists" class="sc-d01c35f5-0 sc-d01c35f5-4 QYjRN itQdLZ quick-links quick-links quick-links">Lists</button><div class="sc-d01c35f5-1 eWkxVy coles-targeting-HeaderTrolleyWrapper"><div class="sc-f1c70318-0 YkuqI coles-targeting-TrolleyButtonTrolleyWrapper"><button data-testid="header-trolley" aria-label="View trolley and checkout.  $0.00" class="sc-f1c70318-2 irUTZL quick-links quick-links">$0.00</button><button data-testid="header-trolley-tablet-up" aria-label="View trolley and checkout.  $0.00" class="sc-89ccdc56-0 sc-f1c70318-1 iCGQYF gxBoHK quick-links coles-targeting-ButtonButton button coles-targeting-ButtonButton button"><span aria-hidden="false" class="sc-d0f9d37-0 cFnpaQ coles-targeting-ButtonButtonChildContainer"><svg focusable="false" xmlns="http://www.w3.org/2000/svg" width="24" height="24" viewBox="0 0 24 24"><g fill="none" fill-rule="evenodd"><path stroke="currentColor" stroke-linecap="round" stroke-linejoin="round" stroke-width="2" vector-effect="non-scaling-stroke" d="M8,22 C8.55228475,22 9,21.5522847 9,21 C9,20.4477153 8.55228475,20 8,20 C7.44771525,20 7,20.4477153 7,21 C7,21.5522847 7.44771525,22 8,22 Z M18,22 C18.5522847,22 19,21.5522847 19,21 C19,20.4477153 18.5522847,20 18,20 C17.4477153,20 17,20.4477153 17,21 C17,21.5522847 17.4477153,22 18,22 Z M2,3 L4.5,3 L6.68,14.39 C6.86873697,15.3402315 7.71138394,16.0185624 8.68,16 L17.4,16 C18.3686161,16.0185624 19.211263,15.3402315 19.4,14.39 L21,7 L5.5,7"></path></g></svg>$0.00</span></button></div></div></div><div class="sc-c5f13d68-0 bYGTNN header-bottom-wrapper header-bottom-wrapper" data-testid="header-bottom-wrapper"><ul data-testid="header-bottom-nav-links" class="sc-c5f13d68-1 sc-c5f13d68-2 fexBqP coles-targeting-HeaderHeaderBottomLocationWrapper"><li><a data-testid="header-link-shop-categories" class="sc-f1554e33-1 bVOeKw sc-c5f13d68-4 cKuWtm shop-categories shop-categories link coles-targeting-NavLinkLink" href="/browse"><svg focusable="false" xmlns="http://www.w3.org/2000/svg" width="24" height="24" viewBox="0 0 24 24"><g fill="none" fill-rule="evenodd"><path stroke="currentColor" stroke-linecap="round" stroke-linejoin="round" stroke-width="2" vector-effect="non-scaling-stroke" d="M10.5,3 C10.5,7 13,8 13,12 C13,14.6666667 13,17.3333333 13,20 C13,20.5522847 12.5522847,21 12,21 L5,21 C4.44771525,21 4,20.5522847 4,20 C4,17.3333333 4,14.6666667 4,12 C4,8 6.5,7 6.5,3 M4,12 L13,12 L13,16 L4,16 L4,12 Z M5,3 L12,3 M16,21 L19,21 L19,13 C20.3333333,12.5680607 21,11.9013941 21,11 C21,9.88822195 18.8448121,6.91185821 14.5,6"></path></g></svg><span class="sc-f1554e33-0 Zljmh coles-targeting-NavLinkLabel">Shop all</span></a></li><li><a data-testid="nav-link" class="sc-f1554e33-1 bVOeKw sc-c5f13d68-4 cKuWtm coles-targeting-HeaderHeaderBottomNavLink link coles-targeting-NavLinkLink" href="/bought-before"><span class="sc-f1554e33-0 Zljmh coles-targeting-NavLinkLabel">Bought before</span></a></li><li><a data-testid="nav-link" class="sc-f1554e33-1 bVOeKw sc-c5f13d68-4 cKuWtm coles-targeting-HeaderHeaderBottomNavLink link coles-targeting-NavLinkLink" href="/on-special"><span class="sc-f1554e33-0 Zljmh coles-targeting-NavLinkLabel">Specials</span></a></li><li><a data-testid="nav-link" class="sc-f1554e33-1 bVOeKw sc-c5f13d68-4 cKuWtm link link link coles-targeting-NavLinkLink" href="/catalogues"><span class="sc-f1554e33-0 Zljmh coles-targeting-NavLinkLabel">Catalogues</span></a></li><li><a data-testid="nav-link" class="sc-f1554e33-1 bVOeKw sc-c5f13d68-4 cKuWtm coles-targeting-HeaderHeaderBottomNavLink link coles-targeting-NavLinkLink" href="/offers"><span class="sc-f1554e33-0 Zljmh coles-targeting-NavLinkLabel">Offers &amp; promotions</span></a></li><li><button id="navigation-component-button" data-testid="navigation-component-button" aria-expanded="false" class="sc-89ccdc56-0 sc-cff79294-1 jJlGoP AWEJh coles-targeting-ButtonButton button coles-targeting-ButtonButton button"><span aria-hidden="false" class="sc-d0f9d37-0 eFkgZU coles-targeting-ButtonButtonChildContainer">More<svg focusable="false" xmlns="http://www.w3.org/2000/svg" width="24" height="24" viewBox="0 0 24 24"><g fill="none" fill-rule="evenodd"><polyline stroke="currentColor" stroke-linecap="round" stroke-linejoin="round" stroke-width="2" vector-effect="non-scaling-stroke" points="18 10 12 16 6 10"></polyline></g></svg></span></button></li></ul><div class="sc-c5f13d68-3 gEzNJW coles-targeting-HeaderHeaderBottomLocationWrapper"><button id="delivery-selector-button" data-testid="delivery-selector-button" aria-expanded="false" class="sc-89ccdc56-0 sc-d01c35f5-14 jJlGoP bHUiPc coles-targeting-ButtonButton button coles-targeting-ButtonButton button"><span aria-hidden="false" class="sc-d0f9d37-0 iFZZdM coles-targeting-ButtonButtonChildContainer"><svg focusable="false" xmlns="http://www.w3.org/2000/svg" width="24" height="24" viewBox="0 0 24 24"><g fill="none" fill-rule="evenodd"><path stroke="currentColor" stroke-linecap="round" stroke-linejoin="round" stroke-width="2" vector-effect="non-scaling-stroke" d="M12,13 C13.6568542,13 15,11.6568542 15,10 C15,8.34314575 13.6568542,7 12,7 C10.3431458,7 9,8.34314575 9,10 C9,11.6568542 10.3431458,13 12,13 Z M12,21 C16.6666667,17.4 19,13.8 19,10.2 C19,6.15 15.8659932,3 12,3 C8.13400675,3 5,6.2235498 5,10.2 C5,13.8 7.33333333,17.4 12,21 Z"></path></g></svg><span>Set shopping method</span><svg focusable="false" xmlns="http://www.w3.org/2000/svg" width="24" height="24" viewBox="0 0 24 24"><g fill="none" fill-rule="evenodd"><polyline stroke="currentColor" stroke-linecap="round" stroke-linejoin="round" stroke-width="2" vector-effect="non-scaling-stroke" points="18 10 12 16 6 10"></polyline></g></svg></span></button></div></div></div></header><div class="sc-d01c35f5-9 irthfY coles-targeting-HeaderHeaderDivider"></div><style data-emotion="css a3xyjy">.css-a3xyjy{z-index:1200;}</style></div><div id="coles-targeting-main-container" tabindex="-1" class="sc-270f89c5-0 fJcBvk coles-targeting-StoreLayoutMain"><div class="sc-7c137f0d-1 dXLgYS is-pcp is-pcp"><div class="sc-7c137f0d-2 bEWCZL current-level-2 current-level-2" id="coles-targeting-browse-nav-container"><div class="sc-980e8602-0 lkfWzP coles-targeting-ProductHeadingStyledProductTitleContainer"><div class="sc-980e8602-1 TlqLj coles-targeting-ProductHeadingHeadingContainer"><h1 data-testid="product-cat-heading">Air Fresheners &amp; Home Fragrance</h1><a href="/browse/household" data-testid="back-link" aria-label="back to Household" class="sc-6ea5e2aa-0 kvskEO coles-targeting-LinkLinkInternal link" tabindex="0" target=""><svg focusable="false" xmlns="http://www.w3.org/2000/svg" width="24" height="24" viewBox="0 0 24 24"><g fill="none" fill-rule="evenodd"><polyline stroke="currentColor" stroke-linecap="round" stroke-linejoin="round" stroke-width="2" vector-effect="non-scaling-stroke" points="14 18 8 12 14 6"></polyline></g></svg>Household</a></div></div><div data-testid="navigation-list"><nav data-testid="navigation-container" class="sc-90933588-0 gHPAk coles-targeting-NavigationListNavigationContainer"><ul class="sc-90933588-1 cOOTYL coles-targeting-NavigationListNavigationWrapper"><li><a data-testid="nav-link" class="sc-f1554e33-1 bVOeKw is-main-category link with-badge is-active coles-targeting-NavLinkLink" aria-label="All Air Fresheners &amp; Home Fragrance 165 items." href="/browse/household/air-fresheners-home-fragrance"><span class="sc-f1554e33-0 Zljmh coles-targeting-NavLinkLabel">All Air Fresheners &amp; Home Fragrance</span><span class="sc-f1554e33-2 ecXVjO coles-targeting-NavLinkEndWrapper"><span data-testid="badge-wrapper" type="neutral" class="sc-c74b40a4-0 grReTJ badge is-small badge is-small"><section aria-label="" class="badge-label">165</section></span></span></a></li><li><a id="navigation-link-8898634" data-testid="nav-link" class="sc-f1554e33-1 bVOeKw link with-badge coles-targeting-NavLinkLink" aria-label="All Airfreshners 165 items." href="/browse/household/air-fresheners-home-fragrance/all-airfreshners"><span class="sc-f1554e33-0 Zljmh coles-targeting-NavLinkLabel">All Airfreshners</span><span class="sc-f1554e33-2 ecXVjO coles-targeting-NavLinkEndWrapper"><span data-testid="badge-wrapper" type="neutral" class="sc-c74b40a4-0 grReTJ badge is-small badge is-small"><section aria-label="" class="badge-label">165</section></span></span></a></li></ul></nav></div></div><div id="coles-targeting-browse-content-container" class="sc-7c137f0d-4 kYDetx coles-targeting-StylesCategoryStylesContentContainer"><ol aria-label="breadcrumb" data-testid="breadcrumbs" itemscope="" itemType="https://schema.org/BreadcrumbList" class="sc-ad9572f6-0 hpNgcu coles-targeting-BreadcrumbsList"><li class="sc-ad9572f6-1 jUJbPS child-0 child-0" itemProp="itemListElement" itemscope="" itemType="https://schema.org/ListItem"><a href="/new" class="sc-6ea5e2aa-0 eMUIKa coles-targeting-LinkLinkInternal link" tabindex="0" target="" itemType="https://schema.org/WebPage" itemProp="item"><span itemProp="name">Home</span></a><meta itemProp="position" content="1"/><span aria-hidden="true" data-testid="separator" class="sc-ad9572f6-2 hUYTDA coles-targeting-BreadcrumbsSeparator"><svg focusable="false" xmlns="http://www.w3.org/2000/svg" width="16" height="16" viewBox="0 0 24 24"><g fill="none" fill-rule="evenodd"><polyline stroke="currentColor" stroke-linecap="round" stroke-linejoin="round" stroke-width="2" vector-effect="non-scaling-stroke" points="7 15 13 9 19 15" transform="rotate(90 13 12)"></polyline></g></svg></span></li><li class="sc-ad9572f6-1 jUJbPS child-1 child-1" itemProp="itemListElement" itemscope="" itemType="https://schema.org/ListItem"><a href="/browse" class="sc-6ea5e2aa-0 eMUIKa coles-targeting-LinkLinkInternal link" tabindex="0" target="" itemType="https://schema.org/WebPage" itemProp="item"><span itemProp="name">All categories</span></a><meta itemProp="position" content="2"/><span aria-hidden="true" data-testid="separator" class="sc-ad9572f6-2 hUYTDA coles-targeting-BreadcrumbsSeparator"><svg focusable="false" xmlns="http://www.w3.org/2000/svg" width="16" height="16" viewBox="0 0 24 24"><g fill="none" fill-rule="evenodd"><polyline stroke="currentColor" stroke-linecap="round" stroke-linejoin="round" stroke-width="2" vector-effect="non-scaling-stroke" points="7 15 13 9 19 15" transform="rotate(90 13 12)"></polyline></g></svg></span></li><li class="sc-ad9572f6-1 jUJbPS child-2 child-2" itemProp="itemListElement" itemscope="" itemType="https://schema.org/ListItem"><a href="/browse/household" class="sc-6ea5e2aa-0 eMUIKa coles-targeting-LinkLinkInternal link" tabindex="0" target="" itemType="https://schema.org/WebPage" itemProp="item"><span itemProp="name">Household</span></a><meta itemProp="position" content="3"/><span aria-hidden="true" data-testid="separator" class="sc-ad9572f6-2 hUYTDA coles-targeting-BreadcrumbsSeparator"><svg focusable="false" xmlns="http://www.w3.org/2000/svg" width="16" height="16" viewBox="0 0 24 24"><g fill="none" fill-rule="evenodd"><polyline stroke="currentColor" stroke-linecap="round" stroke-linejoin="round" stroke-width="2" vector-effect="non-scaling-stroke" points="7 15 13 9 19 15" transform="rotate(90 13 12)"></polyline></g></svg></span></li><li class="sc-ad9572f6-1 jUJbPS child-3 child-3" itemProp="itemListElement" itemscope="" itemType="https://schema.org/ListItem"><span data-testid="current-category-breadcrumb" itemProp="name">Air Fresheners &amp; Home Fragrance</span><meta itemProp="position" content="4"/></li></ol><div aria-labelledby="filters" class="sc-ea2356ff-0 iICwyC coles-targeting-FilterShortcutsChipWrapper"><span class="sr-only" id="filters">Current filters, click to change</span><ul><div class="sc-ea2356ff-1 iwgjTi">Filter by:</div><li><button class="sc-fd1034c6-0 jrWUIC chip-button chip-button" data-testid="filter_All"><span class="icon-start"><svg focusable="false" xmlns="http://www.w3.org/2000/svg" width="24" height="24" viewBox="0 0 24 24"><g fill="none" fill-rule="evenodd"><path stroke="currentColor" stroke-linecap="round" stroke-linejoin="round" stroke-width="2" vector-effect="non-scaling-stroke" d="M18,8 C18,6.62 16.88,5.5 15.5,5.5 C14.12,5.5 13,6.62 13,8 C13,9.38 14.12,10.5 15.5,10.5 C16.88,10.5 18,9.38 18,8 Z M11,16 C11,14.62 9.88,13.5 8.5,13.5 C7.12,13.5 6,14.62 6,16 C6,17.38 7.12,18.5 8.5,18.5 C9.88,18.5 11,17.38 11,16 Z M21,8 L18,8 M13,8 L3,8 L13,8 Z M11,16 L21,16 L11,16 Z M3,16 L6,16 L3,16 Z" transform="matrix(-1 0 0 1 24 0)"></path></g></svg></span> <!-- -->All<!-- --> </button></li><li><button class="sc-fd1034c6-0 jrWUIC chip-button chip-button" data-testid="filter_Brand"> <!-- -->Brand<!-- --> </button></li></ul></div><div class="sc-a3735c22-0 gIjRfw"><div class="sc-a3735c22-1 jZAERn coles-targeting-SearchPagesTopBarNumberOfResults">1 - 48 of 165 results</div><div data-testid="sort-select-wrapper" class="sc-621764c1-0 crNrRA sort-dropdown sort-dropdown"><style data-emotion="css 13sljp9">.css-13sljp9{display:-webkit-inline-box;display:-webkit-inline-flex;display:-ms-inline-flexbox;display:inline-flex;-webkit-flex-direction:column;-ms-flex-direction:column;flex-direction:column;position:relative;min-width:0;padding:0;margin:0;border:0;vertical-align:top;}</style><div class="MuiFormControl-root css-13sljp9"><style data-emotion="css-global 1prfaxn">@-webkit-keyframes mui-auto-fill{from{display:block;}}@keyframes mui-auto-fill{from{display:block;}}@-webkit-keyframes mui-auto-fill-cancel{from{display:block;}}@keyframes mui-auto-fill-cancel{from{display:block;}}</style><style data-emotion="css 1x493w9">.css-1x493w9{font-family:"SourceSansPro-Regular","Lucida Sans",sans-serif;font-weight:400;font-size:1rem;line-height:1.4375em;color:#3D3D3D;box-sizing:border-box;position:relative;cursor:text;display:-webkit-inline-box;display:-webkit-inline-flex;display:-ms-inline-flexbox;display:inline-flex;-webkit-align-items:center;-webkit-box-align:center;-ms-flex-align:center;align-items:center;position:relative;}.css-1x493w9.Mui-disabled{color:rgba(0, 0, 0, 0.38);cursor:default;}label+.css-1x493w9{margin-top:16px;}.css-1x493w9:after{border-bottom:2px solid #E01A22;left:0;bottom:0;content:"";position:absolute;right:0;-webkit-transform:scaleX(0);-moz-transform:scaleX(0);-ms-transform:scaleX(0);transform:scaleX(0);-webkit-transition:-webkit-transform 200ms cubic-bezier(0.0, 0, 0.2, 1) 0ms;transition:transform 200ms cubic-bezier(0.0, 0, 0.2, 1) 0ms;pointer-events:none;}.css-1x493w9.Mui-focused:after{-webkit-transform:scaleX(1) translateX(0);-moz-transform:scaleX(1) translateX(0);-ms-transform:scaleX(1) translateX(0);transform:scaleX(1) translateX(0);}.css-1x493w9.Mui-error:after{border-bottom-color:#B9091D;-webkit-transform:scaleX(1);-moz-transform:scaleX(1);-ms-transform:scaleX(1);transform:scaleX(1);}.css-1x493w9:before{border-bottom:1px solid rgba(0, 0, 0, 0.42);left:0;bottom:0;content:"\00a0";position:absolute;right:0;-webkit-transition:border-bottom-color 200ms cubic-bezier(0.4, 0, 0.2, 1) 0ms;transition:border-bottom-color 200ms cubic-bezier(0.4, 0, 0.2, 1) 0ms;pointer-events:none;}.css-1x493w9:hover:not(.Mui-disabled):before{border-bottom:2px solid #3D3D3D;}@media (hover: none){.css-1x493w9:hover:not(.Mui-disabled):before{border-bottom:1px solid rgba(0, 0, 0, 0.42);}}.css-1x493w9.Mui-disabled:before{border-bottom-style:dotted;}</style><div data-testid="sort-select" aria-expanded="false" role="combobox" class="MuiInputBase-root MuiInput-root MuiInput-underline MuiInputBase-colorPrimary MuiInputBase-formControl  css-1x493w9"><style data-emotion="css mnn31">.css-mnn31{font:inherit;letter-spacing:inherit;color:currentColor;padding:4px 0 5px;border:0;box-sizing:content-box;background:none;height:1.4375em;margin:0;-webkit-tap-highlight-color:transparent;display:block;min-width:0;width:100%;-webkit-animation-name:mui-auto-fill-cancel;animation-name:mui-auto-fill-cancel;-webkit-animation-duration:10ms;animation-duration:10ms;}.css-mnn31::-webkit-input-placeholder{color:currentColor;opacity:0.42;-webkit-transition:opacity 200ms cubic-bezier(0.4, 0, 0.2, 1) 0ms;transition:opacity 200ms cubic-bezier(0.4, 0, 0.2, 1) 0ms;}.css-mnn31::-moz-placeholder{color:currentColor;opacity:0.42;-webkit-transition:opacity 200ms cubic-bezier(0.4, 0, 0.2, 1) 0ms;transition:opacity 200ms cubic-bezier(0.4, 0, 0.2, 1) 0ms;}.css-mnn31:-ms-input-placeholder{color:currentColor;opacity:0.42;-webkit-transition:opacity 200ms cubic-bezier(0.4, 0, 0.2, 1) 0ms;transition:opacity 200ms cubic-bezier(0.4, 0, 0.2, 1) 0ms;}.css-mnn31::-ms-input-placeholder{color:currentColor;opacity:0.42;-webkit-transition:opacity 200ms cubic-bezier(0.4, 0, 0.2, 1) 0ms;transition:opacity 200ms cubic-bezier(0.4, 0, 0.2, 1) 0ms;}.css-mnn31:focus{outline:0;}.css-mnn31:invalid{box-shadow:none;}.css-mnn31::-webkit-search-decoration{-webkit-appearance:none;}label[data-shrink=false]+.MuiInputBase-formControl .css-mnn31::-webkit-input-placeholder{opacity:0!important;}label[data-shrink=false]+.MuiInputBase-formControl .css-mnn31::-moz-placeholder{opacity:0!important;}label[data-shrink=false]+.MuiInputBase-formControl .css-mnn31:-ms-input-placeholder{opacity:0!important;}label[data-shrink=false]+.MuiInputBase-formControl .css-mnn31::-ms-input-placeholder{opacity:0!important;}label[data-shrink=false]+.MuiInputBase-formControl .css-mnn31:focus::-webkit-input-placeholder{opacity:0.42;}label[data-shrink=false]+.MuiInputBase-formControl .css-mnn31:focus::-moz-placeholder{opacity:0.42;}label[data-shrink=false]+.MuiInputBase-formControl .css-mnn31:focus:-ms-input-placeholder{opacity:0.42;}label[data-shrink=false]+.MuiInputBase-formControl .css-mnn31:focus::-ms-input-placeholder{opacity:0.42;}.css-mnn31.Mui-disabled{opacity:1;-webkit-text-fill-color:rgba(0, 0, 0, 0.38);}.css-mnn31:-webkit-autofill{-webkit-animation-duration:5000s;animation-duration:5000s;-webkit-animation-name:mui-auto-fill;animation-name:mui-auto-fill;}</style><style data-emotion="css 1cccqvr">.css-1cccqvr{-moz-appearance:none;-webkit-appearance:none;-webkit-user-select:none;-moz-user-select:none;-ms-user-select:none;user-select:none;border-radius:0;cursor:pointer;font:inherit;letter-spacing:inherit;color:currentColor;padding:4px 0 5px;border:0;box-sizing:content-box;background:none;height:1.4375em;margin:0;-webkit-tap-highlight-color:transparent;display:block;min-width:0;width:100%;-webkit-animation-name:mui-auto-fill-cancel;animation-name:mui-auto-fill-cancel;-webkit-animation-duration:10ms;animation-duration:10ms;}.css-1cccqvr:focus{background-color:rgba(0, 0, 0, 0.05);border-radius:0;}.css-1cccqvr::-ms-expand{display:none;}.css-1cccqvr.Mui-disabled{cursor:default;}.css-1cccqvr[multiple]{height:auto;}.css-1cccqvr:not([multiple]) option,.css-1cccqvr:not([multiple]) optgroup{background-color:#fff;}.css-1cccqvr.css-1cccqvr.css-1cccqvr{padding-right:24px;min-width:16px;}.css-1cccqvr.MuiSelect-select{height:auto;min-height:1.4375em;text-overflow:ellipsis;white-space:nowrap;overflow:hidden;}.css-1cccqvr::-webkit-input-placeholder{color:currentColor;opacity:0.42;-webkit-transition:opacity 200ms cubic-bezier(0.4, 0, 0.2, 1) 0ms;transition:opacity 200ms cubic-bezier(0.4, 0, 0.2, 1) 0ms;}.css-1cccqvr::-moz-placeholder{color:currentColor;opacity:0.42;-webkit-transition:opacity 200ms cubic-bezier(0.4, 0, 0.2, 1) 0ms;transition:opacity 200ms cubic-bezier(0.4, 0, 0.2, 1) 0ms;}.css-1cccqvr:-ms-input-placeholder{color:currentColor;opacity:0.42;-webkit-transition:opacity 200ms cubic-bezier(0.4, 0, 0.2, 1) 0ms;transition:opacity 200ms cubic-bezier(0.4, 0, 0.2, 1) 0ms;}.css-1cccqvr::-ms-input-placeholder{color:currentColor;opacity:0.42;-webkit-transition:opacity 200ms cubic-bezier(0.4, 0, 0.2, 1) 0ms;transition:opacity 200ms cubic-bezier(0.4, 0, 0.2, 1) 0ms;}.css-1cccqvr:focus{outline:0;}.css-1cccqvr:invalid{box-shadow:none;}.css-1cccqvr::-webkit-search-decoration{-webkit-appearance:none;}label[data-shrink=false]+.MuiInputBase-formControl .css-1cccqvr::-webkit-input-placeholder{opacity:0!important;}label[data-shrink=false]+.MuiInputBase-formControl .css-1cccqvr::-moz-placeholder{opacity:0!important;}label[data-shrink=false]+.MuiInputBase-formControl .css-1cccqvr:-ms-input-placeholder{opacity:0!important;}label[data-shrink=false]+.MuiInputBase-formControl .css-1cccqvr::-ms-input-placeholder{opacity:0!important;}label[data-shrink=false]+.MuiInputBase-formControl .css-1cccqvr:focus::-webkit-input-placeholder{opacity:0.42;}label[data-shrink=false]+.MuiInputBase-formControl .css-1cccqvr:focus::-moz-placeholder{opacity:0.42;}label[data-shrink=false]+.MuiInputBase-formControl .css-1cccqvr:focus:-ms-input-placeholder{opacity:0.42;}label[data-shrink=false]+.MuiInputBase-formControl .css-1cccqvr:focus::-ms-input-placeholder{opacity:0.42;}.css-1cccqvr.Mui-disabled{opacity:1;-webkit-text-fill-color:rgba(0, 0, 0, 0.38);}.css-1cccqvr:-webkit-autofill{-webkit-animation-duration:5000s;animation-duration:5000s;-webkit-animation-name:mui-auto-fill;animation-name:mui-auto-fill;}</style><div tabindex="0" role="button" aria-expanded="false" aria-haspopup="listbox" aria-label="Sort by Price (Low to high) Select to change" class="MuiSelect-select MuiSelect-standard MuiInputBase-input MuiInput-input css-1cccqvr">Sort by: Price (Low to high)</div><style data-emotion="css 1k3x8v3">.css-1k3x8v3{bottom:0;left:0;position:absolute;opacity:0;pointer-events:none;width:100%;box-sizing:border-box;}</style><input value="priceAscending" aria-hidden="true" tabindex="-1" class="MuiSelect-nativeInput css-1k3x8v3"/><style data-emotion="css 1rb0eps">.css-1rb0eps{position:absolute;right:0;top:calc(50% - .5em);pointer-events:none;color:rgba(0, 0, 0, 0.54);}.css-1rb0eps.Mui-disabled{color:rgba(0, 0, 0, 0.26);}</style><svg focusable="false" xmlns="http://www.w3.org/2000/svg" width="24" height="24" viewBox="0 0 24 24" class="MuiSelect-icon MuiSelect-iconStandard css-1rb0eps"><g fill="none" fill-rule="evenodd"><polyline stroke="currentColor" stroke-linecap="round" stroke-linejoin="round" stroke-width="2" vector-effect="non-scaling-stroke" points="18 10 12 16 6 10"></polyline></g></svg></div></div></div><button aria-label="Filter &amp; sort Select to change" data-testid="toggle-filter-drawer-button" class="sc-89ccdc56-0 dQoxbr coles-targeting-ButtonButton button"><span aria-hidden="false" class="sc-d0f9d37-0 cFnpaQ coles-targeting-ButtonButtonChildContainer"><svg focusable="false" xmlns="http://www.w3.org/2000/svg" width="24" height="24" viewBox="0 0 24 24"><g fill="none" fill-rule="evenodd"><path stroke="currentColor" stroke-linecap="round" stroke-linejoin="round" stroke-width="2" vector-effect="non-scaling-stroke" d="M18,8 C18,6.62 16.88,5.5 15.5,5.5 C14.12,5.5 13,6.62 13,8 C13,9.38 14.12,10.5 15.5,10.5 C16.88,10.5 18,9.38 18,8 Z M11,16 C11,14.62 9.88,13.5 8.5,13.5 C7.12,13.5 6,14.62 6,16 C6,17.38 7.12,18.5 8.5,18.5 C9.88,18.5 11,17.38 11,16 Z M21,8 L18,8 M13,8 L3,8 L13,8 Z M11,16 L21,16 L11,16 Z M3,16 L6,16 L3,16 Z" transform="matrix(-1 0 0 1 24 0)"></path></g></svg>Filter &amp; sort</span></button></div><div data-testid="product-tiles" id="coles-targeting-product-tiles" class="sc-7c137f0d-5 cVgIgK coles-targeting-StylesCategoryStylesProductListContainer"><section data-testid="product-tile" class="sc-219848b8-0 ictfiu"><div class="sc-219848b8-1 jiBIlJ coles-targeting-ProductTileHeaderWrapper"><header class="product__header"><div class="product__image_area"><a class="product__link product__image" aria-label="Glen 20 Country Scent Disinfectant Spray | 375g" href="/product/glen-20-country-scent-disinfectant-spray-375g-3913611"><span style="box-sizing:border-box;display:inline-block;overflow:hidden;width:initial;height:initial;background:none;opacity:1;border:0;margin:0;padding:0;position:relative;max-width:100%"><span style="box-sizing:border-box;display:block;width:initial;height:initial;background:none;opacity:1;border:0;margin:0;padding:0;max-width:100%"><img style="display:block;max-width:100%;width:initial;height:initial;background:none;opacity:1;border:0;margin:0;padding:0" alt="" aria-hidden="true" src="data:image/svg+xml,%3csvg%20xmlns=%27http://www.w3.org/2000/svg%27%20version=%271.1%27%20width=%27200%27%20height=%27200%27/%3e"/></span><img alt="Glen 20 Country Scent Disinfectant Spray | 375g" data-testid="product-image" srcSet="https://productimages.coles.com.au/productimages/3/3913611.jpg?w=200 1x, https://productimages.coles.com.au/productimages/3/3913611.jpg?w=200 2x" src="https://productimages.coles.com.au/productimages/3/3913611.jpg?w=200" decoding="async" data-nimg="intrinsic" style="position:absolute;top:0;left:0;bottom:0;right:0;box-sizing:border-box;padding:0;border:none;margin:auto;display:block;width:0;height:0;min-width:100%;max-width:100%;min-height:100%;max-height:100%"/></span></a></div><div class="product__message-title_area"><a class="product__link" tabindex="-1" href="/product/glen-20-country-scent-disinfectant-spray-375g-3913611"><h2 class="LinesEllipsis  product__title">Glen 20 Country Scent Disinfectant Spray | 375g<wbr/></h2></a><div aria-hidden="true" class="product__pricing_area show-on-small-screen" data-testid="small-screen-pricing"><section class="sc-13943253-0 crixsy product__pricing product__pricing" data-testid="product_price"><div class="price"><span class="price__value" data-testid="product-pricing" aria-label="Price $11.50">$11.50</span></div><span class="price__calculation_method">$3.07 per 100g</span></section></div></div></header></div><div class="product__cta_section"><div aria-hidden="false" class="product__pricing_area hide-on-small-screen" data-testid="large-screen-pricing"><section class="sc-13943253-0 crixsy product__pricing product__pricing" data-testid="product_price"><div class="price"><span class="price__value" data-testid="product-pricing" aria-label="Price $11.50">$11.50</span></div><span class="price__calculation_method">$3.07 per 100g</span></section></div><div><div class="product__lists_cta_wrapper"><div data-testid="add-to-cart" class="sc-92165882-0 jEVjBd product__add_to_cart product__add_to_cart"><button data-testid="add-to-cart-button" aria-label="Add Glen 20 Country Scent Disinfectant Spray to the trolley" class="sc-89ccdc56-0 geKTLL product-tiles-btn coles-targeting-ButtonButton button"><span aria-hidden="false" class="sc-d0f9d37-0 cFnpaQ coles-targeting-ButtonButtonChildContainer"><svg focusable="false" xmlns="http://www.w3.org/2000/svg" width="24" height="24" viewBox="0 0 24 24"><g fill="none" fill-rule="evenodd"><path stroke="currentColor" stroke-linecap="round" stroke-linejoin="round" stroke-width="2" vector-effect="non-scaling-stroke" d="M8,22 C8.55228475,22 9,21.5522847 9,21 C9,20.4477153 8.55228475,20 8,20 C7.44771525,20 7,20.4477153 7,21 C7,21.5522847 7.44771525,22 8,22 Z M18,22 C18.5522847,22 19,21.5522847 19,21 C19,20.4477153 18.5522847,20 18,20 C17.4477153,20 17,20.4477153 17,21 C17,21.5522847 17.4477153,22 18,22 Z M2,3 L4.5,3 L6.68,14.39 C6.86873697,15.3402315 7.71138394,16.0185624 8.68,16 L17.4,16 C18.3686161,16.0185624 19.211263,15.3402315 19.4,14.39 L21,7 M13,12 L13,6 M10,9 L16,9"></path></g></svg>Add</span></button></div></div></div></div></section><div role="presentation" data-testid="ad" class="sc-7f185998-0 jRtuel coles-targeting-citrusreactAdContainer"><div><section data-testid="ad-tile" class="sc-27868db4-0 kKkDBx"><div class="product__image_area"><span style="box-sizing:border-box;display:block;overflow:hidden;width:initial;height:initial;background:none;opacity:1;border:0;margin:0;padding:0;position:absolute;top:0;left:0;bottom:0;right:0"><img alt="" data-testid="background-image" src="data:image/gif;base64,R0lGODlhAQABAIAAAAAAAP///yH5BAEAAAAALAAAAAABAAEAAAIBRAA7" decoding="async" data-nimg="fill" class="product__background_image" style="position:absolute;top:0;left:0;bottom:0;right:0;box-sizing:border-box;padding:0;border:none;margin:auto;display:block;width:0;height:0;min-width:100%;max-width:100%;min-height:100%;max-height:100%;object-fit:cover"/><noscript><img alt="" data-testid="background-image" sizes="100vw" srcSet="/_next/image?url=https%3A%2F%2Fcoles.flavedo.io%2Fcitrus%2Fef64a21f-0d31-45aa-b792-8908929724aa&amp;w=640&amp;q=75 640w, /_next/image?url=https%3A%2F%2Fcoles.flavedo.io%2Fcitrus%2Fef64a21f-0d31-45aa-b792-8908929724aa&amp;w=750&amp;q=75 750w, /_next/image?url=https%3A%2F%2Fcoles.flavedo.io%2Fcitrus%2Fef64a21f-0d31-45aa-b792-8908929724aa&amp;w=828&amp;q=75 828w, /_next/image?url=https%3A%2F%2Fcoles.flavedo.io%2Fcitrus%2Fef64a21f-0d31-45aa-b792-8908929724aa&amp;w=1080&amp;q=75 1080w, /_next/image?url=https%3A%2F%2Fcoles.flavedo.io%2Fcitrus%2Fef64a21f-0d31-45aa-b792-8908929724aa&amp;w=1200&amp;q=75 1200w, /_next/image?url=https%3A%2F%2Fcoles.flavedo.io%2Fcitrus%2Fef64a21f-0d31-45aa-b792-8908929724aa&amp;w=1920&amp;q=75 1920w, /_next/image?url=https%3A%2F%2Fcoles.flavedo.io%2Fcitrus%2Fef64a21f-0d31-45aa-b792-8908929724aa&amp;w=2048&amp;q=75 2048w, /_next/image?url=https%3A%2F%2Fcoles.flavedo.io%2Fcitrus%2Fef64a21f-0d31-45aa-b792-8908929724aa&amp;w=3840&amp;q=75 3840w" src="/_next/image?url=https%3A%2F%2Fcoles.flavedo.io%2Fcitrus%2Fef64a21f-0d31-45aa-b792-8908929724aa&amp;w=3840&amp;q=75" decoding="async" data-nimg="fill" style="position:absolute;top:0;left:0;bottom:0;right:0;box-sizing:border-box;padding:0;border:none;margin:auto;display:block;width:0;height:0;min-width:100%;max-width:100%;min-height:100%;max-height:100%;object-fit:cover" class="product__background_image" loading="lazy"/></noscript></span><div class="product__badge"><span data-testid="simple-fixed-price-specials" class="sc-fe6dff31-0 kStxxR"><span class="roundel-text simple-fixed-price-specials">SPECIAL</span></span></div><a class="product__link" aria-label="Discover our Home Fragrances" href="/browse/household/air-fresheners-home-fragrance?filter_Brand=1449741500"><span style="box-sizing:border-box;display:block;overflow:hidden;width:initial;height:initial;background:none;opacity:1;border:0;margin:0;padding:0;position:absolute;top:0;left:0;bottom:0;right:0"><img alt="Botanica Range" data-testid="foreground-image" src="data:image/gif;base64,R0lGODlhAQABAIAAAAAAAP///yH5BAEAAAAALAAAAAABAAEAAAIBRAA7" decoding="async" data-nimg="fill" style="position:absolute;top:0;left:0;bottom:0;right:0;box-sizing:border-box;padding:0;border:none;margin:auto;display:block;width:0;height:0;min-width:100%;max-width:100%;min-height:100%;max-height:100%;object-fit:contain"/><noscript><img alt="Botanica Range" data-testid="foreground-image" sizes="100vw" srcSet="/_next/image?url=https%3A%2F%2Fcoles.flavedo.io%2Fcitrus%2Fa5a1a597-43e2-412a-96ca-4cde0c973e24&amp;w=640&amp;q=75 640w, /_next/image?url=https%3A%2F%2Fcoles.flavedo.io%2Fcitrus%2Fa5a1a597-43e2-412a-96ca-4cde0c973e24&amp;w=750&amp;q=75 750w, /_next/image?url=https%3A%2F%2Fcoles.flavedo.io%2Fcitrus%2Fa5a1a597-43e2-412a-96ca-4cde0c973e24&amp;w=828&amp;q=75 828w, /_next/image?url=https%3A%2F%2Fcoles.flavedo.io%2Fcitrus%2Fa5a1a597-43e2-412a-96ca-4cde0c973e24&amp;w=1080&amp;q=75 1080w, /_next/image?url=https%3A%2F%2Fcoles.flavedo.io%2Fcitrus%2Fa5a1a597-43e2-412a-96ca-4cde0c973e24&amp;w=1200&amp;q=75 1200w, /_next/image?url=https%3A%2F%2Fcoles.flavedo.io%2Fcitrus%2Fa5a1a597-43e2-412a-96ca-4cde0c973e24&amp;w=1920&amp;q=75 1920w, /_next/image?url=https%3A%2F%2Fcoles.flavedo.io%2Fcitrus%2Fa5a1a597-43e2-412a-96ca-4cde0c973e24&amp;w=2048&amp;q=75 2048w, /_next/image?url=https%3A%2F%2Fcoles.flavedo.io%2Fcitrus%2Fa5a1a597-43e2-412a-96ca-4cde0c973e24&amp;w=3840&amp;q=75 3840w" src="/_next/image?url=https%3A%2F%2Fcoles.flavedo.io%2Fcitrus%2Fa5a1a597-43e2-412a-96ca-4cde0c973e24&amp;w=3840&amp;q=75" decoding="async" data-nimg="fill" style="position:absolute;top:0;left:0;bottom:0;right:0;box-sizing:border-box;padding:0;border:none;margin:auto;display:block;width:0;height:0;min-width:100%;max-width:100%;min-height:100%;max-height:100%;object-fit:contain" loading="lazy"/></noscript></span></a></div><div class="product__title_area"><a class="product__link" href="/browse/household/air-fresheners-home-fragrance?filter_Brand=1449741500"><h2 class="product__title">Discover our Home Fragrances</h2></a><div class="product__description"><a class="product__link" href="/browse/household/air-fresheners-home-fragrance?filter_Brand=1449741500">Infused with Responsibly Sourced Natural Ingredients</a></div></div><div class="product__cta_section"><a style="text-align:center;line-height:1.1" href="/browse/household/air-fresheners-home-fragrance?filter_Brand=1449741500" aria-label="Shop Botanica" target="_self" class="sc-89ccdc56-0-a pVtod product__cta_btn coles-targeting-ButtonButton button"><span aria-hidden="false" class="sc-d0f9d37-0 jOljGY coles-targeting-ButtonButtonChildContainer">Shop now</span></a></div></section></div></div><div role="presentation" data-testid="ad" class="sc-7f185998-0 jRtuel coles-targeting-citrusreactAdContainer"><div><section data-testid="product-tile" class="sc-219848b8-0 ictfiu"><div class="sc-219848b8-1 jiBIlJ coles-targeting-ProductTileHeaderWrapper"><header class="product__header"><div class="product__image_area"><a class="product__link product__image" aria-label="Glade Gel Air Freshener Jasmine | 70g" href="/product/glade-gel-air-freshener-jasmine-70g-3963733"><span style="box-sizing:border-box;display:inline-block;overflow:hidden;width:initial;height:initial;background:none;opacity:1;border:0;margin:0;padding:0;position:relative;max-width:100%"><span style="box-sizing:border-box;display:block;width:initial;height:initial;background:none;opacity:1;border:0;margin:0;padding:0;max-width:100%"><img style="display:block;max-width:100%;width:initial;height:initial;background:none;opacity:1;border:0;margin:0;padding:0" alt="" aria-hidden="true" src="data:image/svg+xml,%3csvg%20xmlns=%27http://www.w3.org/2000/svg%27%20version=%271.1%27%20width=%27200%27%20height=%27200%27/%3e"/></span><img alt="Glade Gel Air Freshener Jasmine | 70g" data-testid="product-image" srcSet="https://productimages.coles.com.au/productimages/3/3963733.jpg?w=200 1x, https://productimages.coles.com.au/productimages/3/3963733.jpg?w=200 2x" src="https://productimages.coles.com.au/productimages/3/3963733.jpg?w=200" decoding="async" data-nimg="intrinsic" style="position:absolute;top:0;left:0;bottom:0;right:0;box-sizing:border-box;padding:0;border:none;margin:auto;display:block;width:0;height:0;min-width:100%;max-width:100%;min-height:100%;max-height:100%"/></span></a></div><div class="product__message-title_area"><ul class="product__top_messaging"><li class="product__top_messaging__item">Featured</li></ul><a class="product__link" tabindex="-1" href="/product/glade-gel-air-freshener-jasmine-70g-3963733"><h2 class="LinesEllipsis  product__title">Glade Gel Air Freshener Jasmine | 70g<wbr/></h2></a><div aria-hidden="true" class="product__pricing_area show-on-small-screen" data-testid="small-screen-pricing"><section class="sc-13943253-0 crixsy product__pricing product__pricing" data-testid="product_price"><div class="price"><span class="price__value" data-testid="product-pricing" aria-label="Price $3.00">$3.00</span></div><span class="price__calculation_method">$4.29 per 100g</span></section></div></div></header></div><div class="product__cta_section"><div aria-hidden="false" class="product__pricing_area hide-on-small-screen" data-testid="large-screen-pricing"><section class="sc-13943253-0 crixsy product__pricing product__pricing" data-testid="product_price"><div class="price"><span class="price__value" data-testid="product-pricing" aria-label="Price $3.00">$3.00</span></div><span class="price__calculation_method">$4.29 per 100g</span></section></div><div><div class="product__lists_cta_wrapper"><div data-testid="add-to-cart" class="sc-92165882-0 jEVjBd product__add_to_cart product__add_to_cart"><button data-testid="add-to-cart-button" aria-label="Add Glade Gel Air Freshener Jasmine to the trolley" class="sc-89ccdc56-0 geKTLL product-tiles-btn coles-targeting-ButtonButton button"><span aria-hidden="false" class="sc-d0f9d37-0 cFnpaQ coles-targeting-ButtonButtonChildContainer"><svg focusable="false" xmlns="http://www.w3.org/2000/svg" width="24" height="24" viewBox="0 0 24 24"><g fill="none" fill-rule="evenodd"><path stroke="currentColor" stroke-linecap="round" stroke-linejoin="round" stroke-width="2" vector-effect="non-scaling-stroke" d="M8,22 C8.55228475,22 9,21.5522847 9,21 C9,20.4477153 8.55228475,20 8,20 C7.44771525,20 7,20.4477153 7,21 C7,21.5522847 7.44771525,22 8,22 Z M18,22 C18.5522847,22 19,21.5522847 19,21 C19,20.4477153 18.5522847,20 18,20 C17.4477153,20 17,20.4477153 17,21 C17,21.5522847 17.4477153,22 18,22 Z M2,3 L4.5,3 L6.68,14.39 C6.86873697,15.3402315 7.71138394,16.0185624 8.68,16 L17.4,16 C18.3686161,16.0185624 19.211263,15.3402315 19.4,14.39 L21,7 M13,12 L13,6 M10,9 L16,9"></path></g></svg>Add</span></button></div></div></div></div></section></div></div><div role="presentation" data-testid="ad" class="sc-7f185998-0 jRtuel coles-targeting-citrusreactAdContainer"><div><section data-testid="product-tile" class="sc-219848b8-0 ictfiu"><div class="sc-219848b8-1 jiBIlJ coles-targeting-ProductTileHeaderWrapper"><header class="product__header"><div class="product__image_area"><a class="product__link product__image" aria-label="Glade Sense &amp; Spray Automatic Air Freshener Sheer Vanilla Embrace | 1 each" href="/product/glade-sense-and-spray-automatic-air-freshener-sheer-vanilla-embrace-1-each-3057591"><span style="box-sizing:border-box;display:inline-block;overflow:hidden;width:initial;height:initial;background:none;opacity:1;border:0;margin:0;padding:0;position:relative;max-width:100%"><span style="box-sizing:border-box;display:block;width:initial;height:initial;background:none;opacity:1;border:0;margin:0;padding:0;max-width:100%"><img style="display:block;max-width:100%;width:initial;height:initial;background:none;opacity:1;border:0;margin:0;padding:0" alt="" aria-hidden="true" src="data:image/svg+xml,%3csvg%20xmlns=%27http://www.w3.org/2000/svg%27%20version=%271.1%27%20width=%27200%27%20height=%27200%27/%3e"/></span><img alt="Glade Sense &amp; Spray Automatic Air Freshener Sheer Vanilla Embrace | 1 each" data-testid="product-image" srcSet="https://productimages.coles.com.au/productimages/3/3057591.jpg?w=200 1x, https://productimages.coles.com.au/productimages/3/3057591.jpg?w=200 2x" src="https://productimages.coles.com.au/productimages/3/3057591.jpg?w=200" decoding="async" data-nimg="intrinsic" style="position:absolute;top:0;left:0;bottom:0;right:0;box-sizing:border-box;padding:0;border:none;margin:auto;display:block;width:0;height:0;min-width:100%;max-width:100%;min-height:100%;max-height:100%"/></span></a></div><div class="product__message-title_area"><ul class="product__top_messaging"><li class="product__top_messaging__item">Featured</li></ul><a class="product__link" tabindex="-1" href="/product/glade-sense-and-spray-automatic-air-freshener-sheer-vanilla-embrace-1-each-3057591"><h2 class="LinesEllipsis  product__title">Glade Sense &amp; Spray Automatic Air Freshener Sheer Vanilla Embrace | 1 each<wbr/></h2></a><div aria-hidden="true" class="product__pricing_area show-on-small-screen" data-testid="small-screen-pricing"><section class="sc-13943253-0 crixsy product__pricing product__pricing" data-testid="product_price"><div class="price"><span class="price__value" data-testid="product-pricing" aria-label="Price $12.00">$12.00</span></div><span class="price__calculation_method">$12.00 per 1ea</span></section></div></div></header></div><div class="product__cta_section"><div aria-hidden="false" class="product__pricing_area hide-on-small-screen" data-testid="large-screen-pricing"><section class="sc-13943253-0 crixsy product__pricing product__pricing" data-testid="product_price"><div class="price"><span class="price__value" data-testid="product-pricing" aria-label="Price $12.00">$12.00</span></div><span class="price__calculation_method">$12.00 per 1ea</span></section></div><div><div class="product__lists_cta_wrapper"><div data-testid="add-to-cart" class="sc-92165882-0 jEVjBd product__add_to_cart product__add_to_cart"><button data-testid="add-to-cart-button" aria-label="Add Glade Sense &amp; Spray Automatic Air Freshener Sheer Vanilla Embrace to the trolley" class="sc-89ccdc56-0 geKTLL product-tiles-btn coles-targeting-ButtonButton button"><span aria-hidden="false" class="sc-d0f9d37-0 cFnpaQ coles-targeting-ButtonButtonChildContainer"><svg focusable="false" xmlns="http://www.w3.org/2000/svg" width="24" height="24" viewBox="0 0 24 24"><g fill="none" fill-rule="evenodd"><path stroke="currentColor" stroke-linecap="round" stroke-linejoin="round" stroke-width="2" vector-effect="non-scaling-stroke" d="M8,22 C8.55228475,22 9,21.5522847 9,21 C9,20.4477153 8.55228475,20 8,20 C7.44771525,20 7,20.4477153 7,21 C7,21.5522847 7.44771525,22 8,22 Z M18,22 C18.5522847,22 19,21.5522847 19,21 C19,20.4477153 18.5522847,20 18,20 C17.4477153,20 17,20.4477153 17,21 C17,21.5522847 17.4477153,22 18,22 Z M2,3 L4.5,3 L6.68,14.39 C6.86873697,15.3402315 7.71138394,16.0185624 8.68,16 L17.4,16 C18.3686161,16.0185624 19.211263,15.3402315 19.4,14.39 L21,7 M13,12 L13,6 M10,9 L16,9"></path></g></svg>Add</span></button></div></div></div></div></section></div></div><div role="presentation" data-testid="ad" class="sc-7f185998-0 jRtuel coles-targeting-citrusreactAdContainer"><div><section data-testid="product-tile" class="sc-219848b8-0 ictfiu"><div class="sc-219848b8-1 jiBIlJ coles-targeting-ProductTileHeaderWrapper"><header class="product__header"><div class="product__image_area"><a class="product__link product__image" aria-label="Glade Sense &amp; Spray Pomegranate &amp; Cranberry Refill | 12.2g" href="/product/glade-sense-and-spray-pomegranate-and-cranberry-refill-12.2g-1836713"><span style="box-sizing:border-box;display:inline-block;overflow:hidden;width:initial;height:initial;background:none;opacity:1;border:0;margin:0;padding:0;position:relative;max-width:100%"><span style="box-sizing:border-box;display:block;width:initial;height:initial;background:none;opacity:1;border:0;margin:0;padding:0;max-width:100%"><img style="display:block;max-width:100%;width:initial;height:initial;background:none;opacity:1;border:0;margin:0;padding:0" alt="" aria-hidden="true" src="data:image/svg+xml,%3csvg%20xmlns=%27http://www.w3.org/2000/svg%27%20version=%271.1%27%20width=%27200%27%20height=%27200%27/%3e"/></span><img alt="Glade Sense &amp; Spray Pomegranate &amp; Cranberry Refill | 12.2g" data-testid="product-image" srcSet="https://productimages.coles.com.au/productimages/1/1836713.jpg?w=200 1x, https://productimages.coles.com.au/productimages/1/1836713.jpg?w=200 2x" src="https://productimages.coles.com.au/productimages/1/1836713.jpg?w=200" decoding="async" data-nimg="intrinsic" style="position:absolute;top:0;left:0;bottom:0;right:0;box-sizing:border-box;padding:0;border:none;margin:auto;display:block;width:0;height:0;min-width:100%;max-width:100%;min-height:100%;max-height:100%"/></span></a></div><div class="product__message-title_area"><ul class="product__top_messaging"><li class="product__top_messaging__item">Featured</li></ul><a class="product__link" tabindex="-1" href="/product/glade-sense-and-spray-pomegranate-and-cranberry-refill-12.2g-1836713"><h2 class="LinesEllipsis  product__title">Glade Sense &amp; Spray Pomegranate &amp; Cranberry Refill | 12.2g<wbr/></h2></a><div aria-hidden="true" class="product__pricing_area show-on-small-screen" data-testid="small-screen-pricing"><section class="sc-13943253-0 crixsy product__pricing product__pricing" data-testid="product_price"><div class="price"><span class="price__value" data-testid="product-pricing" aria-label="Price $6.50">$6.50</span></div><span class="price__calculation_method">$53.28 per 100g</span></section></div></div></header></div><div class="product__cta_section"><div aria-hidden="false" class="product__pricing_area hide-on-small-screen" data-testid="large-screen-pricing"><section class="sc-13943253-0 crixsy product__pricing product__pricing" data-testid="product_price"><div class="price"><span class="price__value" data-testid="product-pricing" aria-label="Price $6.50">$6.50</span></div><span class="price__calculation_method">$53.28 per 100g</span></section></div><div><div class="product__lists_cta_wrapper"><div data-testid="add-to-cart" class="sc-92165882-0 jEVjBd product__add_to_cart product__add_to_cart"><button data-testid="add-to-cart-button" aria-label="Add Glade Sense &amp; Spray Pomegranate &amp; Cranberry Refill to the trolley" class="sc-89ccdc56-0 geKTLL product-tiles-btn coles-targeting-ButtonButton button"><span aria-hidden="false" class="sc-d0f9d37-0 cFnpaQ coles-targeting-ButtonButtonChildContainer"><svg focusable="false" xmlns="http://www.w3.org/2000/svg" width="24" height="24" viewBox="0 0 24 24"><g fill="none" fill-rule="evenodd"><path stroke="currentColor" stroke-linecap="round" stroke-linejoin="round" stroke-width="2" vector-effect="non-scaling-stroke" d="M8,22 C8.55228475,22 9,21.5522847 9,21 C9,20.4477153 8.55228475,20 8,20 C7.44771525,20 7,20.4477153 7,21 C7,21.5522847 7.44771525,22 8,22 Z M18,22 C18.5522847,22 19,21.5522847 19,21 C19,20.4477153 18.5522847,20 18,20 C17.4477153,20 17,20.4477153 17,21 C17,21.5522847 17.4477153,22 18,22 Z M2,3 L4.5,3 L6.68,14.39 C6.86873697,15.3402315 7.71138394,16.0185624 8.68,16 L17.4,16 C18.3686161,16.0185624 19.211263,15.3402315 19.4,14.39 L21,7 M13,12 L13,6 M10,9 L16,9"></path></g></svg>Add</span></button></div></div></div></div></section></div></div><div role="presentation" data-testid="ad" class="sc-7f185998-0 jRtuel coles-targeting-citrusreactAdContainer"><div><section data-testid="product-tile" class="sc-219848b8-0 ictfiu"><div class="sc-219848b8-1 jiBIlJ coles-targeting-ProductTileHeaderWrapper"><header class="product__header"><div class="product__image_area"><a class="product__link product__image" aria-label="Glade Sense &amp; Spray Automatic Air Freshener Refill Bali Sandalwood &amp; Jasmine | 12g" href="/product/glade-sense-and-spray-automatic-air-freshener-refill-bali-sandalwood-and-jasmine-12g-3963755"><span style="box-sizing:border-box;display:inline-block;overflow:hidden;width:initial;height:initial;background:none;opacity:1;border:0;margin:0;padding:0;position:relative;max-width:100%"><span style="box-sizing:border-box;display:block;width:initial;height:initial;background:none;opacity:1;border:0;margin:0;padding:0;max-width:100%"><img style="display:block;max-width:100%;width:initial;height:initial;background:none;opacity:1;border:0;margin:0;padding:0" alt="" aria-hidden="true" src="data:image/svg+xml,%3csvg%20xmlns=%27http://www.w3.org/2000/svg%27%20version=%271.1%27%20width=%27200%27%20height=%27200%27/%3e"/></span><img alt="Glade Sense &amp; Spray Automatic Air Freshener Refill Bali Sandalwood &amp; Jasmine | 12g" data-testid="product-image" src="data:image/gif;base64,R0lGODlhAQABAIAAAAAAAP///yH5BAEAAAAALAAAAAABAAEAAAIBRAA7" decoding="async" data-nimg="intrinsic" style="position:absolute;top:0;left:0;bottom:0;right:0;box-sizing:border-box;padding:0;border:none;margin:auto;display:block;width:0;height:0;min-width:100%;max-width:100%;min-height:100%;max-height:100%"/><noscript><img alt="Glade Sense &amp; Spray Automatic Air Freshener Refill Bali Sandalwood &amp; Jasmine | 12g" data-testid="product-image" srcSet="https://productimages.coles.com.au/productimages/3/3963755.jpg?w=200 1x, https://productimages.coles.com.au/productimages/3/3963755.jpg?w=200 2x" src="https://productimages.coles.com.au/productimages/3/3963755.jpg?w=200" decoding="async" data-nimg="intrinsic" style="position:absolute;top:0;left:0;bottom:0;right:0;box-sizing:border-box;padding:0;border:none;margin:auto;display:block;width:0;height:0;min-width:100%;max-width:100%;min-height:100%;max-height:100%" loading="lazy"/></noscript></span></a></div><div class="product__message-title_area"><ul class="product__top_messaging"><li class="product__top_messaging__item">Featured</li></ul><a class="product__link" tabindex="-1" href="/product/glade-sense-and-spray-automatic-air-freshener-refill-bali-sandalwood-and-jasmine-12g-3963755"><h2 class="LinesEllipsis  product__title">Glade Sense &amp; Spray Automatic Air Freshener Refill Bali Sandalwood &amp; Jasmine | 12g<wbr/></h2></a><div aria-hidden="true" class="product__pricing_area show-on-small-screen" data-testid="small-screen-pricing"><section class="sc-13943253-0 crixsy product__pricing product__pricing" data-testid="product_price"><div class="price"><span class="price__value" data-testid="product-pricing" aria-label="Price $6.50">$6.50</span></div><span class="price__calculation_method">$54.17 per 100g</span></section></div></div></header></div><div class="product__cta_section"><div aria-hidden="false" class="product__pricing_area hide-on-small-screen" data-testid="large-screen-pricing"><section class="sc-13943253-0 crixsy product__pricing product__pricing" data-testid="product_price"><div class="price"><span class="price__value" data-testid="product-pricing" aria-label="Price $6.50">$6.50</span></div><span class="price__calculation_method">$54.17 per 100g</span></section></div><div><div class="product__lists_cta_wrapper"><div data-testid="add-to-cart" class="sc-92165882-0 jEVjBd product__add_to_cart product__add_to_cart"><button data-testid="add-to-cart-button" aria-label="Add Glade Sense &amp; Spray Automatic Air Freshener Refill Bali Sandalwood &amp; Jasmine to the trolley" class="sc-89ccdc56-0 geKTLL product-tiles-btn coles-targeting-ButtonButton button"><span aria-hidden="false" class="sc-d0f9d37-0 cFnpaQ coles-targeting-ButtonButtonChildContainer"><svg focusable="false" xmlns="http://www.w3.org/2000/svg" width="24" height="24" viewBox="0 0 24 24"><g fill="none" fill-rule="evenodd"><path stroke="currentColor" stroke-linecap="round" stroke-linejoin="round" stroke-width="2" vector-effect="non-scaling-stroke" d="M8,22 C8.55228475,22 9,21.5522847 9,21 C9,20.4477153 8.55228475,20 8,20 C7.44771525,20 7,20.4477153 7,21 C7,21.5522847 7.44771525,22 8,22 Z M18,22 C18.5522847,22 19,21.5522847 19,21 C19,20.4477153 18.5522847,20 18,20 C17.4477153,20 17,20.4477153 17,21 C17,21.5522847 17.4477153,22 18,22 Z M2,3 L4.5,3 L6.68,14.39 C6.86873697,15.3402315 7.71138394,16.0185624 8.68,16 L17.4,16 C18.3686161,16.0185624 19.211263,15.3402315 19.4,14.39 L21,7 M13,12 L13,6 M10,9 L16,9"></path></g></svg>Add</span></button></div></div></div></div></section></div></div><div role="presentation" data-testid="ad" class="sc-7f185998-0 jRtuel coles-targeting-citrusreactAdContainer"><div><section data-testid="product-tile" class="sc-219848b8-0 ictfiu"><div class="sc-219848b8-1 jiBIlJ coles-targeting-ProductTileHeaderWrapper"><header class="product__header"><div class="product__image_area"><a class="product__link product__image" aria-label="Glade Sense &amp; Spray Air Freshener Refill Lavender &amp; Vanilla | 12.2g" href="/product/glade-sense-and-spray-air-freshener-refill-lavender-and-vanilla-12.2g-9213077"><span style="box-sizing:border-box;display:inline-block;overflow:hidden;width:initial;height:initial;background:none;opacity:1;border:0;margin:0;padding:0;position:relative;max-width:100%"><span style="box-sizing:border-box;display:block;width:initial;height:initial;background:none;opacity:1;border:0;margin:0;padding:0;max-width:100%"><img style="display:block;max-width:100%;width:initial;height:initial;background:none;opacity:1;border:0;margin:0;padding:0" alt="" aria-hidden="true" src="data:image/svg+xml,%3csvg%20xmlns=%27http://www.w3.org/2000/svg%27%20version=%271.1%27%20width=%27200%27%20height=%27200%27/%3e"/></span><img alt="Glade Sense &amp; Spray Air Freshener Refill Lavender &amp; Vanilla | 12.2g" data-testid="product-image" src="data:image/gif;base64,R0lGODlhAQABAIAAAAAAAP///yH5BAEAAAAALAAAAAABAAEAAAIBRAA7" decoding="async" data-nimg="intrinsic" style="position:absolute;top:0;left:0;bottom:0;right:0;box-sizing:border-box;padding:0;border:none;margin:auto;display:block;width:0;height:0;min-width:100%;max-width:100%;min-height:100%;max-height:100%"/><noscript><img alt="Glade Sense &amp; Spray Air Freshener Refill Lavender &amp; Vanilla | 12.2g" data-testid="product-image" srcSet="https://productimages.coles.com.au/productimages/9/9213077.jpg?w=200 1x, https://productimages.coles.com.au/productimages/9/9213077.jpg?w=200 2x" src="https://productimages.coles.com.au/productimages/9/9213077.jpg?w=200" decoding="async" data-nimg="intrinsic" style="position:absolute;top:0;left:0;bottom:0;right:0;box-sizing:border-box;padding:0;border:none;margin:auto;display:block;width:0;height:0;min-width:100%;max-width:100%;min-height:100%;max-height:100%" loading="lazy"/></noscript></span></a></div><div class="product__message-title_area"><ul class="product__top_messaging"><li class="product__top_messaging__item">Featured</li></ul><a class="product__link" tabindex="-1" href="/product/glade-sense-and-spray-air-freshener-refill-lavender-and-vanilla-12.2g-9213077"><h2 class="LinesEllipsis  product__title">Glade Sense &amp; Spray Air Freshener Refill Lavender &amp; Vanilla | 12.2g<wbr/></h2></a><div aria-hidden="true" class="product__pricing_area show-on-small-screen" data-testid="small-screen-pricing"><section class="sc-13943253-0 crixsy product__pricing product__pricing" data-testid="product_price"><div class="price"><span class="price__value" data-testid="product-pricing" aria-label="Price $6.50">$6.50</span></div><span class="price__calculation_method">$53.28 per 100g</span></section></div></div></header></div><div class="product__cta_section"><div aria-hidden="false" class="product__pricing_area hide-on-small-screen" data-testid="large-screen-pricing"><section class="sc-13943253-0 crixsy product__pricing product__pricing" data-testid="product_price"><div class="price"><span class="price__value" data-testid="product-pricing" aria-label="Price $6.50">$6.50</span></div><span class="price__calculation_method">$53.28 per 100g</span></section></div><div><div class="product__lists_cta_wrapper"><div data-testid="add-to-cart" class="sc-92165882-0 jEVjBd product__add_to_cart product__add_to_cart"><button data-testid="add-to-cart-button" aria-label="Add Glade Sense &amp; Spray Air Freshener Refill Lavender &amp; Vanilla to the trolley" class="sc-89ccdc56-0 geKTLL product-tiles-btn coles-targeting-ButtonButton button"><span aria-hidden="false" class="sc-d0f9d37-0 cFnpaQ coles-targeting-ButtonButtonChildContainer"><svg focusable="false" xmlns="http://www.w3.org/2000/svg" width="24" height="24" viewBox="0 0 24 24"><g fill="none" fill-rule="evenodd"><path stroke="currentColor" stroke-linecap="round" stroke-linejoin="round" stroke-width="2" vector-effect="non-scaling-stroke" d="M8,22 C8.55228475,22 9,21.5522847 9,21 C9,20.4477153 8.55228475,20 8,20 C7.44771525,20 7,20.4477153 7,21 C7,21.5522847 7.44771525,22 8,22 Z M18,22 C18.5522847,22 19,21.5522847 19,21 C19,20.4477153 18.5522847,20 18,20 C17.4477153,20 17,20.4477153 17,21 C17,21.5522847 17.4477153,22 18,22 Z M2,3 L4.5,3 L6.68,14.39 C6.86873697,15.3402315 7.71138394,16.0185624 8.68,16 L17.4,16 C18.3686161,16.0185624 19.211263,15.3402315 19.4,14.39 L21,7 M13,12 L13,6 M10,9 L16,9"></path></g></svg>Add</span></button></div></div></div></div></section></div></div><div role="presentation" data-testid="ad" class="sc-7f185998-0 jRtuel coles-targeting-citrusreactAdContainer"><div><section data-testid="product-tile" class="sc-219848b8-0 ictfiu"><div class="sc-219848b8-1 jiBIlJ coles-targeting-ProductTileHeaderWrapper"><header class="product__header"><div class="product__image_area"><a class="product__link product__image" aria-label="Glade Sense &amp; Spray Air Freshener Refill Sheer Vanilla Embrace | 12g" href="/product/glade-sense-and-spray-air-freshener-refill-sheer-vanilla-embrace-12g-3057627"><span style="box-sizing:border-box;display:inline-block;overflow:hidden;width:initial;height:initial;background:none;opacity:1;border:0;margin:0;padding:0;position:relative;max-width:100%"><span style="box-sizing:border-box;display:block;width:initial;height:initial;background:none;opacity:1;border:0;margin:0;padding:0;max-width:100%"><img style="display:block;max-width:100%;width:initial;height:initial;background:none;opacity:1;border:0;margin:0;padding:0" alt="" aria-hidden="true" src="data:image/svg+xml,%3csvg%20xmlns=%27http://www.w3.org/2000/svg%27%20version=%271.1%27%20width=%27200%27%20height=%27200%27/%3e"/></span><img alt="Glade Sense &amp; Spray Air Freshener Refill Sheer Vanilla Embrace | 12g" data-testid="product-image" src="data:image/gif;base64,R0lGODlhAQABAIAAAAAAAP///yH5BAEAAAAALAAAAAABAAEAAAIBRAA7" decoding="async" data-nimg="intrinsic" style="position:absolute;top:0;left:0;bottom:0;right:0;box-sizing:border-box;padding:0;border:none;margin:auto;display:block;width:0;height:0;min-width:100%;max-width:100%;min-height:100%;max-height:100%"/><noscript><img alt="Glade Sense &amp; Spray Air Freshener Refill Sheer Vanilla Embrace | 12g" data-testid="product-image" srcSet="https://productimages.coles.com.au/productimages/3/3057627.jpg?w=200 1x, https://productimages.coles.com.au/productimages/3/3057627.jpg?w=200 2x" src="https://productimages.coles.com.au/productimages/3/3057627.jpg?w=200" decoding="async" data-nimg="intrinsic" style="position:absolute;top:0;left:0;bottom:0;right:0;box-sizing:border-box;padding:0;border:none;margin:auto;display:block;width:0;height:0;min-width:100%;max-width:100%;min-height:100%;max-height:100%" loading="lazy"/></noscript></span></a></div><div class="product__message-title_area"><ul class="product__top_messaging"><li class="product__top_messaging__item">Featured</li></ul><a class="product__link" tabindex="-1" href="/product/glade-sense-and-spray-air-freshener-refill-sheer-vanilla-embrace-12g-3057627"><h2 class="LinesEllipsis  product__title">Glade Sense &amp; Spray Air Freshener Refill Sheer Vanilla Embrace | 12g<wbr/></h2></a><div aria-hidden="true" class="product__pricing_area show-on-small-screen" data-testid="small-screen-pricing"><section class="sc-13943253-0 crixsy product__pricing product__pricing" data-testid="product_price"><div class="price"><span class="price__value" data-testid="product-pricing" aria-label="Price $6.50">$6.50</span></div><span class="price__calculation_method">$54.17 per 100g</span></section></div></div></header></div><div class="product__cta_section"><div aria-hidden="false" class="product__pricing_area hide-on-small-screen" data-testid="large-screen-pricing"><section class="sc-13943253-0 crixsy product__pricing product__pricing" data-testid="product_price"><div class="price"><span class="price__value" data-testid="product-pricing" aria-label="Price $6.50">$6.50</span></div><span class="price__calculation_method">$54.17 per 100g</span></section></div><div><div class="product__lists_cta_wrapper"><div data-testid="add-to-cart" class="sc-92165882-0 jEVjBd product__add_to_cart product__add_to_cart"><button data-testid="add-to-cart-button" aria-label="Add Glade Sense &amp; Spray Air Freshener Refill Sheer Vanilla Embrace to the trolley" class="sc-89ccdc56-0 geKTLL product-tiles-btn coles-targeting-ButtonButton button"><span aria-hidden="false" class="sc-d0f9d37-0 cFnpaQ coles-targeting-ButtonButtonChildContainer"><svg focusable="false" xmlns="http://www.w3.org/2000/svg" width="24" height="24" viewBox="0 0 24 24"><g fill="none" fill-rule="evenodd"><path stroke="currentColor" stroke-linecap="round" stroke-linejoin="round" stroke-width="2" vector-effect="non-scaling-stroke" d="M8,22 C8.55228475,22 9,21.5522847 9,21 C9,20.4477153 8.55228475,20 8,20 C7.44771525,20 7,20.4477153 7,21 C7,21.5522847 7.44771525,22 8,22 Z M18,22 C18.5522847,22 19,21.5522847 19,21 C19,20.4477153 18.5522847,20 18,20 C17.4477153,20 17,20.4477153 17,21 C17,21.5522847 17.4477153,22 18,22 Z M2,3 L4.5,3 L6.68,14.39 C6.86873697,15.3402315 7.71138394,16.0185624 8.68,16 L17.4,16 C18.3686161,16.0185624 19.211263,15.3402315 19.4,14.39 L21,7 M13,12 L13,6 M10,9 L16,9"></path></g></svg>Add</span></button></div></div></div></div></section></div></div><div role="presentation" data-testid="ad" class="sc-7f185998-0 jRtuel coles-targeting-citrusreactAdContainer"><div><section data-testid="product-tile" class="sc-219848b8-0 ictfiu"><div class="sc-219848b8-1 jiBIlJ coles-targeting-ProductTileHeaderWrapper"><header class="product__header"><div class="product__image_area"><a class="product__link product__image" aria-label="Bosisto&#x27;s Ambience Ultrasonic Diffuser | 1 pack" href="/product/bosisto&#x27;s-ambience-ultrasonic-diffuser-1-pack-3970830"><span style="box-sizing:border-box;display:inline-block;overflow:hidden;width:initial;height:initial;background:none;opacity:1;border:0;margin:0;padding:0;position:relative;max-width:100%"><span style="box-sizing:border-box;display:block;width:initial;height:initial;background:none;opacity:1;border:0;margin:0;padding:0;max-width:100%"><img style="display:block;max-width:100%;width:initial;height:initial;background:none;opacity:1;border:0;margin:0;padding:0" alt="" aria-hidden="true" src="data:image/svg+xml,%3csvg%20xmlns=%27http://www.w3.org/2000/svg%27%20version=%271.1%27%20width=%27200%27%20height=%27200%27/%3e"/></span><img alt="Bosisto&#x27;s Ambience Ultrasonic Diffuser | 1 pack" data-testid="product-image" src="data:image/gif;base64,R0lGODlhAQABAIAAAAAAAP///yH5BAEAAAAALAAAAAABAAEAAAIBRAA7" decoding="async" data-nimg="intrinsic" style="position:absolute;top:0;left:0;bottom:0;right:0;box-sizing:border-box;padding:0;border:none;margin:auto;display:block;width:0;height:0;min-width:100%;max-width:100%;min-height:100%;max-height:100%"/><noscript><img alt="Bosisto&#x27;s Ambience Ultrasonic Diffuser | 1 pack" data-testid="product-image" srcSet="https://productimages.coles.com.au/productimages/3/3970830.jpg?w=200 1x, https://productimages.coles.com.au/productimages/3/3970830.jpg?w=200 2x" src="https://productimages.coles.com.au/productimages/3/3970830.jpg?w=200" decoding="async" data-nimg="intrinsic" style="position:absolute;top:0;left:0;bottom:0;right:0;box-sizing:border-box;padding:0;border:none;margin:auto;display:block;width:0;height:0;min-width:100%;max-width:100%;min-height:100%;max-height:100%" loading="lazy"/></noscript></span></a></div><div class="product__message-title_area"><ul class="product__top_messaging"><li class="product__top_messaging__item">Featured</li></ul><a class="product__link" tabindex="-1" href="/product/bosisto&#x27;s-ambience-ultrasonic-diffuser-1-pack-3970830"><h2 class="LinesEllipsis  product__title">Bosisto&#x27;s Ambience Ultrasonic Diffuser | 1 pack<wbr/></h2></a><div aria-hidden="true" class="product__pricing_area show-on-small-screen" data-testid="small-screen-pricing"><section class="sc-13943253-0 crixsy product__pricing product__pricing" data-testid="product_price"><div class="price"><span class="price__value" data-testid="product-pricing" aria-label="Price $40.00">$40.00</span></div><span class="price__calculation_method">$40.00 per 1ea</span></section></div></div></header></div><div class="product__cta_section"><div aria-hidden="false" class="product__pricing_area hide-on-small-screen" data-testid="large-screen-pricing"><section class="sc-13943253-0 crixsy product__pricing product__pricing" data-testid="product_price"><div class="price"><span class="price__value" data-testid="product-pricing" aria-label="Price $40.00">$40.00</span></div><span class="price__calculation_method">$40.00 per 1ea</span></section></div><div><div class="product__lists_cta_wrapper"><div data-testid="add-to-cart" class="sc-92165882-0 jEVjBd product__add_to_cart product__add_to_cart"><button data-testid="add-to-cart-button" aria-label="Add Bosisto&#x27;s Ambience Ultrasonic Diffuser to the trolley" class="sc-89ccdc56-0 geKTLL product-tiles-btn coles-targeting-ButtonButton button"><span aria-hidden="false" class="sc-d0f9d37-0 cFnpaQ coles-targeting-ButtonButtonChildContainer"><svg focusable="false" xmlns="http://www.w3.org/2000/svg" width="24" height="24" viewBox="0 0 24 24"><g fill="none" fill-rule="evenodd"><path stroke="currentColor" stroke-linecap="round" stroke-linejoin="round" stroke-width="2" vector-effect="non-scaling-stroke" d="M8,22 C8.55228475,22 9,21.5522847 9,21 C9,20.4477153 8.55228475,20 8,20 C7.44771525,20 7,20.4477153 7,21 C7,21.5522847 7.44771525,22 8,22 Z M18,22 C18.5522847,22 19,21.5522847 19,21 C19,20.4477153 18.5522847,20 18,20 C17.4477153,20 17,20.4477153 17,21 C17,21.5522847 17.4477153,22 18,22 Z M2,3 L4.5,3 L6.68,14.39 C6.86873697,15.3402315 7.71138394,16.0185624 8.68,16 L17.4,16 C18.3686161,16.0185624 19.211263,15.3402315 19.4,14.39 L21,7 M13,12 L13,6 M10,9 L16,9"></path></g></svg>Add</span></button></div></div></div></div></section></div></div><div role="presentation" data-testid="ad" class="sc-7f185998-0 jRtuel coles-targeting-citrusreactAdContainer"><div><section data-testid="product-tile" class="sc-219848b8-0 ictfiu"><div class="sc-219848b8-1 jiBIlJ coles-targeting-ProductTileHeaderWrapper"><header class="product__header"><div class="product__image_area"><a class="product__link product__image" aria-label="Nilodor Spray Mist Deodoriser Air Freshener | 100mL" href="/product/nilodor-spray-mist-deodoriser-air-freshener-100ml-5241208"><span style="box-sizing:border-box;display:inline-block;overflow:hidden;width:initial;height:initial;background:none;opacity:1;border:0;margin:0;padding:0;position:relative;max-width:100%"><span style="box-sizing:border-box;display:block;width:initial;height:initial;background:none;opacity:1;border:0;margin:0;padding:0;max-width:100%"><img style="display:block;max-width:100%;width:initial;height:initial;background:none;opacity:1;border:0;margin:0;padding:0" alt="" aria-hidden="true" src="data:image/svg+xml,%3csvg%20xmlns=%27http://www.w3.org/2000/svg%27%20version=%271.1%27%20width=%27200%27%20height=%27200%27/%3e"/></span><img alt="Nilodor Spray Mist Deodoriser Air Freshener | 100mL" data-testid="product-image" src="data:image/gif;base64,R0lGODlhAQABAIAAAAAAAP///yH5BAEAAAAALAAAAAABAAEAAAIBRAA7" decoding="async" data-nimg="intrinsic" style="position:absolute;top:0;left:0;bottom:0;right:0;box-sizing:border-box;padding:0;border:none;margin:auto;display:block;width:0;height:0;min-width:100%;max-width:100%;min-height:100%;max-height:100%"/><noscript><img alt="Nilodor Spray Mist Deodoriser Air Freshener | 100mL" data-testid="product-image" srcSet="https://productimages.coles.com.au/productimages/5/5241208.jpg?w=200 1x, https://productimages.coles.com.au/productimages/5/5241208.jpg?w=200 2x" src="https://productimages.coles.com.au/productimages/5/5241208.jpg?w=200" decoding="async" data-nimg="intrinsic" style="position:absolute;top:0;left:0;bottom:0;right:0;box-sizing:border-box;padding:0;border:none;margin:auto;display:block;width:0;height:0;min-width:100%;max-width:100%;min-height:100%;max-height:100%" loading="lazy"/></noscript></span></a></div><div class="product__message-title_area"><ul class="product__top_messaging"><li class="product__top_messaging__item">Featured</li></ul><a class="product__link" tabindex="-1" href="/product/nilodor-spray-mist-deodoriser-air-freshener-100ml-5241208"><h2 class="LinesEllipsis  product__title">Nilodor Spray Mist Deodoriser Air Freshener | 100mL<wbr/></h2></a><div aria-hidden="true" class="product__pricing_area show-on-small-screen" data-testid="small-screen-pricing"><section class="sc-13943253-0 crixsy product__pricing product__pricing" data-testid="product_price"><div class="price"><span class="price__value" data-testid="product-pricing" aria-label="Price $8.00">$8.00</span></div><span class="price__calculation_method">$0.80 per 10mL</span></section></div></div></header></div><div class="product__cta_section"><div aria-hidden="false" class="product__pricing_area hide-on-small-screen" data-testid="large-screen-pricing"><section class="sc-13943253-0 crixsy product__pricing product__pricing" data-testid="product_price"><div class="price"><span class="price__value" data-testid="product-pricing" aria-label="Price $8.00">$8.00</span></div><span class="price__calculation_method">$0.80 per 10mL</span></section></div><div><div class="product__lists_cta_wrapper"><div data-testid="add-to-cart" class="sc-92165882-0 jEVjBd product__add_to_cart product__add_to_cart"><button data-testid="add-to-cart-button" aria-label="Add Nilodor Spray Mist Deodoriser Air Freshener to the trolley" class="sc-89ccdc56-0 geKTLL product-tiles-btn coles-targeting-ButtonButton button"><span aria-hidden="false" class="sc-d0f9d37-0 cFnpaQ coles-targeting-ButtonButtonChildContainer"><svg focusable="false" xmlns="http://www.w3.org/2000/svg" width="24" height="24" viewBox="0 0 24 24"><g fill="none" fill-rule="evenodd"><path stroke="currentColor" stroke-linecap="round" stroke-linejoin="round" stroke-width="2" vector-effect="non-scaling-stroke" d="M8,22 C8.55228475,22 9,21.5522847 9,21 C9,20.4477153 8.55228475,20 8,20 C7.44771525,20 7,20.4477153 7,21 C7,21.5522847 7.44771525,22 8,22 Z M18,22 C18.5522847,22 19,21.5522847 19,21 C19,20.4477153 18.5522847,20 18,20 C17.4477153,20 17,20.4477153 17,21 C17,21.5522847 17.4477153,22 18,22 Z M2,3 L4.5,3 L6.68,14.39 C6.86873697,15.3402315 7.71138394,16.0185624 8.68,16 L17.4,16 C18.3686161,16.0185624 19.211263,15.3402315 19.4,14.39 L21,7 M13,12 L13,6 M10,9 L16,9"></path></g></svg>Add</span></button></div></div></div></div></section></div></div><div role="presentation" data-testid="ad" class="sc-7f185998-0 jRtuel coles-targeting-citrusreactAdContainer"><div><section data-testid="product-tile" class="sc-219848b8-0 ictfiu"><div class="sc-219848b8-1 jiBIlJ coles-targeting-ProductTileHeaderWrapper"><header class="product__header"><div class="product__image_area"><a class="product__link product__image" aria-label="Nilodor Concentrated Deodoriser Odour Neutralising Eliminator Air Freshener | 7.5mL" href="/product/nilodor-concentrated-deodoriser-odour-neutralising-eliminator-air-freshener-7.5ml-277886"><span style="box-sizing:border-box;display:inline-block;overflow:hidden;width:initial;height:initial;background:none;opacity:1;border:0;margin:0;padding:0;position:relative;max-width:100%"><span style="box-sizing:border-box;display:block;width:initial;height:initial;background:none;opacity:1;border:0;margin:0;padding:0;max-width:100%"><img style="display:block;max-width:100%;width:initial;height:initial;background:none;opacity:1;border:0;margin:0;padding:0" alt="" aria-hidden="true" src="data:image/svg+xml,%3csvg%20xmlns=%27http://www.w3.org/2000/svg%27%20version=%271.1%27%20width=%27200%27%20height=%27200%27/%3e"/></span><img alt="Nilodor Concentrated Deodoriser Odour Neutralising Eliminator Air Freshener | 7.5mL" data-testid="product-image" src="data:image/gif;base64,R0lGODlhAQABAIAAAAAAAP///yH5BAEAAAAALAAAAAABAAEAAAIBRAA7" decoding="async" data-nimg="intrinsic" style="position:absolute;top:0;left:0;bottom:0;right:0;box-sizing:border-box;padding:0;border:none;margin:auto;display:block;width:0;height:0;min-width:100%;max-width:100%;min-height:100%;max-height:100%"/><noscript><img alt="Nilodor Concentrated Deodoriser Odour Neutralising Eliminator Air Freshener | 7.5mL" data-testid="product-image" srcSet="https://productimages.coles.com.au/productimages/2/277886.jpg?w=200 1x, https://productimages.coles.com.au/productimages/2/277886.jpg?w=200 2x" src="https://productimages.coles.com.au/productimages/2/277886.jpg?w=200" decoding="async" data-nimg="intrinsic" style="position:absolute;top:0;left:0;bottom:0;right:0;box-sizing:border-box;padding:0;border:none;margin:auto;display:block;width:0;height:0;min-width:100%;max-width:100%;min-height:100%;max-height:100%" loading="lazy"/></noscript></span></a></div><div class="product__message-title_area"><ul class="product__top_messaging"><li class="product__top_messaging__item">Featured</li></ul><a class="product__link" tabindex="-1" href="/product/nilodor-concentrated-deodoriser-odour-neutralising-eliminator-air-freshener-7.5ml-277886"><h2 class="LinesEllipsis  product__title">Nilodor Concentrated Deodoriser Odour Neutralising Eliminator Air Freshener | 7.5mL<wbr/></h2></a><div aria-hidden="true" class="product__pricing_area show-on-small-screen" data-testid="small-screen-pricing"><section class="sc-13943253-0 crixsy product__pricing product__pricing" data-testid="product_price"><div class="price"><span class="price__value" data-testid="product-pricing" aria-label="Price $8.00">$8.00</span></div><span class="price__calculation_method">$10.67 per 10mL</span></section></div></div></header></div><div class="product__cta_section"><div aria-hidden="false" class="product__pricing_area hide-on-small-screen" data-testid="large-screen-pricing"><section class="sc-13943253-0 crixsy product__pricing product__pricing" data-testid="product_price"><div class="price"><span class="price__value" data-testid="product-pricing" aria-label="Price $8.00">$8.00</span></div><span class="price__calculation_method">$10.67 per 10mL</span></section></div><div><div class="product__lists_cta_wrapper"><div data-testid="add-to-cart" class="sc-92165882-0 jEVjBd product__add_to_cart product__add_to_cart"><button data-testid="add-to-cart-button" aria-label="Add Nilodor Concentrated Deodoriser Odour Neutralising Eliminator Air Freshener to the trolley" class="sc-89ccdc56-0 geKTLL product-tiles-btn coles-targeting-ButtonButton button"><span aria-hidden="false" class="sc-d0f9d37-0 cFnpaQ coles-targeting-ButtonButtonChildContainer"><svg focusable="false" xmlns="http://www.w3.org/2000/svg" width="24" height="24" viewBox="0 0 24 24"><g fill="none" fill-rule="evenodd"><path stroke="currentColor" stroke-linecap="round" stroke-linejoin="round" stroke-width="2" vector-effect="non-scaling-stroke" d="M8,22 C8.55228475,22 9,21.5522847 9,21 C9,20.4477153 8.55228475,20 8,20 C7.44771525,20 7,20.4477153 7,21 C7,21.5522847 7.44771525,22 8,22 Z M18,22 C18.5522847,22 19,21.5522847 19,21 C19,20.4477153 18.5522847,20 18,20 C17.4477153,20 17,20.4477153 17,21 C17,21.5522847 17.4477153,22 18,22 Z M2,3 L4.5,3 L6.68,14.39 C6.86873697,15.3402315 7.71138394,16.0185624 8.68,16 L17.4,16 C18.3686161,16.0185624 19.211263,15.3402315 19.4,14.39 L21,7 M13,12 L13,6 M10,9 L16,9"></path></g></svg>Add</span></button></div></div></div></div></section></div></div><div role="presentation" data-testid="ad" class="sc-7f185998-0 jRtuel coles-targeting-citrusreactAdContainer"><div><section data-testid="product-tile" class="sc-219848b8-0 ictfiu"><div class="sc-219848b8-1 jiBIlJ coles-targeting-ProductTileHeaderWrapper"><header class="product__header"><div class="product__image_area"><a class="product__link product__image" aria-label="Glen 20 Disinfectant Air Freshener Spray Original | 300g" href="/product/glen-20-disinfectant-air-freshener-spray-original-300g-80430"><span style="box-sizing:border-box;display:inline-block;overflow:hidden;width:initial;height:initial;background:none;opacity:1;border:0;margin:0;padding:0;position:relative;max-width:100%"><span style="box-sizing:border-box;display:block;width:initial;height:initial;background:none;opacity:1;border:0;margin:0;padding:0;max-width:100%"><img style="display:block;max-width:100%;width:initial;height:initial;background:none;opacity:1;border:0;margin:0;padding:0" alt="" aria-hidden="true" src="data:image/svg+xml,%3csvg%20xmlns=%27http://www.w3.org/2000/svg%27%20version=%271.1%27%20width=%27200%27%20height=%27200%27/%3e"/></span><img alt="Glen 20 Disinfectant Air Freshener Spray Original | 300g" data-testid="product-image" src="data:image/gif;base64,R0lGODlhAQABAIAAAAAAAP///yH5BAEAAAAALAAAAAABAAEAAAIBRAA7" decoding="async" data-nimg="intrinsic" style="position:absolute;top:0;left:0;bottom:0;right:0;box-sizing:border-box;padding:0;border:none;margin:auto;display:block;width:0;height:0;min-width:100%;max-width:100%;min-height:100%;max-height:100%"/><noscript><img alt="Glen 20 Disinfectant Air Freshener Spray Original | 300g" data-testid="product-image" srcSet="https://productimages.coles.com.au/productimages/8/80430.jpg?w=200 1x, https://productimages.coles.com.au/productimages/8/80430.jpg?w=200 2x" src="https://productimages.coles.com.au/productimages/8/80430.jpg?w=200" decoding="async" data-nimg="intrinsic" style="position:absolute;top:0;left:0;bottom:0;right:0;box-sizing:border-box;padding:0;border:none;margin:auto;display:block;width:0;height:0;min-width:100%;max-width:100%;min-height:100%;max-height:100%" loading="lazy"/></noscript></span></a></div><div class="product__message-title_area"><ul class="product__top_messaging"><li class="product__top_messaging__item">Featured</li></ul><a class="product__link" tabindex="-1" href="/product/glen-20-disinfectant-air-freshener-spray-original-300g-80430"><h2 class="LinesEllipsis  product__title">Glen 20 Disinfectant Air Freshener Spray Original | 300g<wbr/></h2></a><span data-testid="simple-fixed-price-specials" class="sc-fe6dff31-0 kStxxR product__badge product__badge"><span class="roundel-text simple-fixed-price-specials">SPECIAL</span></span><div aria-hidden="true" class="product__pricing_area show-on-small-screen" data-testid="small-screen-pricing"><section class="sc-13943253-0 crixsy product__pricing product__pricing" data-testid="product_price"><div class="price"><span class="price__value" data-testid="product-pricing" aria-label="Price $7.10">$7.10</span><span data-testid="badge-wrapper" type="savings" class="sc-c74b40a4-0 ezeMjE badge is-small badge is-small"><section aria-label="" class="badge-label">Save $2.40</section></span></div><span class="price__calculation_method">$2.37 per 100g<span class="price__was"> | Was $9.50</span></span></section></div></div></header></div><div class="product__cta_section"><div aria-hidden="false" class="product__pricing_area hide-on-small-screen" data-testid="large-screen-pricing"><section class="sc-13943253-0 crixsy product__pricing product__pricing" data-testid="product_price"><div class="price"><span class="price__value" data-testid="product-pricing" aria-label="Price $7.10">$7.10</span><span data-testid="badge-wrapper" type="savings" class="sc-c74b40a4-0 ezeMjE badge is-small badge is-small"><section aria-label="" class="badge-label">Save $2.40</section></span></div><span class="price__calculation_method">$2.37 per 100g<span class="price__was"> | Was $9.50</span></span></section></div><div><div class="product__lists_cta_wrapper"><div data-testid="add-to-cart" class="sc-92165882-0 jEVjBd product__add_to_cart product__add_to_cart"><button data-testid="add-to-cart-button" aria-label="Add Glen 20 Disinfectant Air Freshener Spray Original to the trolley" class="sc-89ccdc56-0 geKTLL product-tiles-btn coles-targeting-ButtonButton button"><span aria-hidden="false" class="sc-d0f9d37-0 cFnpaQ coles-targeting-ButtonButtonChildContainer"><svg focusable="false" xmlns="http://www.w3.org/2000/svg" width="24" height="24" viewBox="0 0 24 24"><g fill="none" fill-rule="evenodd"><path stroke="currentColor" stroke-linecap="round" stroke-linejoin="round" stroke-width="2" vector-effect="non-scaling-stroke" d="M8,22 C8.55228475,22 9,21.5522847 9,21 C9,20.4477153 8.55228475,20 8,20 C7.44771525,20 7,20.4477153 7,21 C7,21.5522847 7.44771525,22 8,22 Z M18,22 C18.5522847,22 19,21.5522847 19,21 C19,20.4477153 18.5522847,20 18,20 C17.4477153,20 17,20.4477153 17,21 C17,21.5522847 17.4477153,22 18,22 Z M2,3 L4.5,3 L6.68,14.39 C6.86873697,15.3402315 7.71138394,16.0185624 8.68,16 L17.4,16 C18.3686161,16.0185624 19.211263,15.3402315 19.4,14.39 L21,7 M13,12 L13,6 M10,9 L16,9"></path></g></svg>Add</span></button></div></div></div></div></section></div></div><section data-testid="product-tile" class="sc-219848b8-0 ictfiu"><div class="sc-219848b8-1 jiBIlJ coles-targeting-ProductTileHeaderWrapper"><header class="product__header"><div class="product__image_area"><a class="product__link product__image" aria-label="Coles Air Freshener Lavender &amp; Aromatic Sage | 150g" href="/product/coles-air-freshener-lavender-and-aromatic-sage-150g-2682466"><span style="box-sizing:border-box;display:inline-block;overflow:hidden;width:initial;height:initial;background:none;opacity:1;border:0;margin:0;padding:0;position:relative;max-width:100%"><span style="box-sizing:border-box;display:block;width:initial;height:initial;background:none;opacity:1;border:0;margin:0;padding:0;max-width:100%"><img style="display:block;max-width:100%;width:initial;height:initial;background:none;opacity:1;border:0;margin:0;padding:0" alt="" aria-hidden="true" src="data:image/svg+xml,%3csvg%20xmlns=%27http://www.w3.org/2000/svg%27%20version=%271.1%27%20width=%27200%27%20height=%27200%27/%3e"/></span><img alt="Coles Air Freshener Lavender &amp; Aromatic Sage | 150g" data-testid="product-image" src="data:image/gif;base64,R0lGODlhAQABAIAAAAAAAP///yH5BAEAAAAALAAAAAABAAEAAAIBRAA7" decoding="async" data-nimg="intrinsic" style="position:absolute;top:0;left:0;bottom:0;right:0;box-sizing:border-box;padding:0;border:none;margin:auto;display:block;width:0;height:0;min-width:100%;max-width:100%;min-height:100%;max-height:100%"/><noscript><img alt="Coles Air Freshener Lavender &amp; Aromatic Sage | 150g" data-testid="product-image" srcSet="https://productimages.coles.com.au/productimages/2/2682466.jpg?w=200 1x, https://productimages.coles.com.au/productimages/2/2682466.jpg?w=200 2x" src="https://productimages.coles.com.au/productimages/2/2682466.jpg?w=200" decoding="async" data-nimg="intrinsic" style="position:absolute;top:0;left:0;bottom:0;right:0;box-sizing:border-box;padding:0;border:none;margin:auto;display:block;width:0;height:0;min-width:100%;max-width:100%;min-height:100%;max-height:100%" loading="lazy"/></noscript></span></a></div><div class="product__message-title_area"><a class="product__link" tabindex="-1" href="/product/coles-air-freshener-lavender-and-aromatic-sage-150g-2682466"><h2 class="LinesEllipsis  product__title">Coles Air Freshener Lavender &amp; Aromatic Sage | 150g<wbr/></h2></a><div aria-hidden="true" class="product__pricing_area show-on-small-screen" data-testid="small-screen-pricing"><section class="sc-13943253-0 crixsy product__pricing product__pricing" data-testid="product_price"><div class="price"><span class="price__value" data-testid="product-pricing" aria-label="Price $2.70">$2.70</span></div><span class="price__calculation_method">$1.80 per 100g</span></section></div></div></header></div><div class="product__cta_section"><div aria-hidden="false" class="product__pricing_area hide-on-small-screen" data-testid="large-screen-pricing"><section class="sc-13943253-0 crixsy product__pricing product__pricing" data-testid="product_price"><div class="price"><span class="price__value" data-testid="product-pricing" aria-label="Price $2.70">$2.70</span></div><span class="price__calculation_method">$1.80 per 100g</span></section></div><div><div class="product__lists_cta_wrapper"><div data-testid="add-to-cart" class="sc-92165882-0 jEVjBd product__add_to_cart product__add_to_cart"><button data-testid="add-to-cart-button" aria-label="Add Coles Air Freshener Lavender &amp; Aromatic Sage to the trolley" class="sc-89ccdc56-0 geKTLL product-tiles-btn coles-targeting-ButtonButton button"><span aria-hidden="false" class="sc-d0f9d37-0 cFnpaQ coles-targeting-ButtonButtonChildContainer"><svg focusable="false" xmlns="http://www.w3.org/2000/svg" width="24" height="24" viewBox="0 0 24 24"><g fill="none" fill-rule="evenodd"><path stroke="currentColor" stroke-linecap="round" stroke-linejoin="round" stroke-width="2" vector-effect="non-scaling-stroke" d="M8,22 C8.55228475,22 9,21.5522847 9,21 C9,20.4477153 8.55228475,20 8,20 C7.44771525,20 7,20.4477153 7,21 C7,21.5522847 7.44771525,22 8,22 Z M18,22 C18.5522847,22 19,21.5522847 19,21 C19,20.4477153 18.5522847,20 18,20 C17.4477153,20 17,20.4477153 17,21 C17,21.5522847 17.4477153,22 18,22 Z M2,3 L4.5,3 L6.68,14.39 C6.86873697,15.3402315 7.71138394,16.0185624 8.68,16 L17.4,16 C18.3686161,16.0185624 19.211263,15.3402315 19.4,14.39 L21,7 M13,12 L13,6 M10,9 L16,9"></path></g></svg>Add</span></button></div></div></div></div></section><section data-testid="product-tile" class="sc-219848b8-0 ictfiu"><div class="sc-219848b8-1 jiBIlJ coles-targeting-ProductTileHeaderWrapper"><header class="product__header"><div class="product__image_area"><a class="product__link product__image" aria-label="Magic Little Trees Air Freshener | 1 pack" href="/product/magic-little-trees-air-freshener-1-pack-5163068"><span style="box-sizing:border-box;display:inline-block;overflow:hidden;width:initial;height:initial;background:none;opacity:1;border:0;margin:0;padding:0;position:relative;max-width:100%"><span style="box-sizing:border-box;display:block;width:initial;height:initial;background:none;opacity:1;border:0;margin:0;padding:0;max-width:100%"><img style="display:block;max-width:100%;width:initial;height:initial;background:none;opacity:1;border:0;margin:0;padding:0" alt="" aria-hidden="true" src="data:image/svg+xml,%3csvg%20xmlns=%27http://www.w3.org/2000/svg%27%20version=%271.1%27%20width=%27200%27%20height=%27200%27/%3e"/></span><img alt="Magic Little Trees Air Freshener | 1 pack" data-testid="product-image" src="data:image/gif;base64,R0lGODlhAQABAIAAAAAAAP///yH5BAEAAAAALAAAAAABAAEAAAIBRAA7" decoding="async" data-nimg="intrinsic" style="position:absolute;top:0;left:0;bottom:0;right:0;box-sizing:border-box;padding:0;border:none;margin:auto;display:block;width:0;height:0;min-width:100%;max-width:100%;min-height:100%;max-height:100%"/><noscript><img alt="Magic Little Trees Air Freshener | 1 pack" data-testid="product-image" srcSet="https://productimages.coles.com.au/productimages/5/5163068.jpg?w=200 1x, https://productimages.coles.com.au/productimages/5/5163068.jpg?w=200 2x" src="https://productimages.coles.com.au/productimages/5/5163068.jpg?w=200" decoding="async" data-nimg="intrinsic" style="position:absolute;top:0;left:0;bottom:0;right:0;box-sizing:border-box;padding:0;border:none;margin:auto;display:block;width:0;height:0;min-width:100%;max-width:100%;min-height:100%;max-height:100%" loading="lazy"/></noscript></span></a></div><div class="product__message-title_area"><a class="product__link" tabindex="-1" href="/product/magic-little-trees-air-freshener-1-pack-5163068"><h2 class="LinesEllipsis  product__title">Magic Little Trees Air Freshener | 1 pack<wbr/></h2></a><div aria-hidden="true" class="product__pricing_area show-on-small-screen" data-testid="small-screen-pricing"><section class="sc-13943253-0 crixsy product__pricing product__pricing" data-testid="product_price"><div class="price"><span class="price__value" data-testid="product-pricing" aria-label="Price $2.75">$2.75</span></div><span class="price__calculation_method">$2.75 per 1ea</span></section></div></div></header></div><div class="product__cta_section"><div aria-hidden="false" class="product__pricing_area hide-on-small-screen" data-testid="large-screen-pricing"><section class="sc-13943253-0 crixsy product__pricing product__pricing" data-testid="product_price"><div class="price"><span class="price__value" data-testid="product-pricing" aria-label="Price $2.75">$2.75</span></div><span class="price__calculation_method">$2.75 per 1ea</span></section></div><div><div class="product__lists_cta_wrapper"><div data-testid="add-to-cart" class="sc-92165882-0 jEVjBd product__add_to_cart product__add_to_cart"><button data-testid="add-to-cart-button" aria-label="Add Magic Little Trees Air Freshener to the trolley" class="sc-89ccdc56-0 geKTLL product-tiles-btn coles-targeting-ButtonButton button"><span aria-hidden="false" class="sc-d0f9d37-0 cFnpaQ coles-targeting-ButtonButtonChildContainer"><svg focusable="false" xmlns="http://www.w3.org/2000/svg" width="24" height="24" viewBox="0 0 24 24"><g fill="none" fill-rule="evenodd"><path stroke="currentColor" stroke-linecap="round" stroke-linejoin="round" stroke-width="2" vector-effect="non-scaling-stroke" d="M8,22 C8.55228475,22 9,21.5522847 9,21 C9,20.4477153 8.55228475,20 8,20 C7.44771525,20 7,20.4477153 7,21 C7,21.5522847 7.44771525,22 8,22 Z M18,22 C18.5522847,22 19,21.5522847 19,21 C19,20.4477153 18.5522847,20 18,20 C17.4477153,20 17,20.4477153 17,21 C17,21.5522847 17.4477153,22 18,22 Z M2,3 L4.5,3 L6.68,14.39 C6.86873697,15.3402315 7.71138394,16.0185624 8.68,16 L17.4,16 C18.3686161,16.0185624 19.211263,15.3402315 19.4,14.39 L21,7 M13,12 L13,6 M10,9 L16,9"></path></g></svg>Add</span></button></div></div></div></div></section><section data-testid="product-tile" class="sc-219848b8-0 ictfiu"><div class="sc-219848b8-1 jiBIlJ coles-targeting-ProductTileHeaderWrapper"><header class="product__header"><div class="product__image_area"><a class="product__link product__image" aria-label="Coles Air Freshener Vanilla Orchid &amp; Ylang Ylang | 150g" href="/product/coles-air-freshener-vanilla-orchid-and-ylang-ylang-150g-2682455"><span style="box-sizing:border-box;display:inline-block;overflow:hidden;width:initial;height:initial;background:none;opacity:1;border:0;margin:0;padding:0;position:relative;max-width:100%"><span style="box-sizing:border-box;display:block;width:initial;height:initial;background:none;opacity:1;border:0;margin:0;padding:0;max-width:100%"><img style="display:block;max-width:100%;width:initial;height:initial;background:none;opacity:1;border:0;margin:0;padding:0" alt="" aria-hidden="true" src="data:image/svg+xml,%3csvg%20xmlns=%27http://www.w3.org/2000/svg%27%20version=%271.1%27%20width=%27200%27%20height=%27200%27/%3e"/></span><img alt="Coles Air Freshener Vanilla Orchid &amp; Ylang Ylang | 150g" data-testid="product-image" src="data:image/gif;base64,R0lGODlhAQABAIAAAAAAAP///yH5BAEAAAAALAAAAAABAAEAAAIBRAA7" decoding="async" data-nimg="intrinsic" style="position:absolute;top:0;left:0;bottom:0;right:0;box-sizing:border-box;padding:0;border:none;margin:auto;display:block;width:0;height:0;min-width:100%;max-width:100%;min-height:100%;max-height:100%"/><noscript><img alt="Coles Air Freshener Vanilla Orchid &amp; Ylang Ylang | 150g" data-testid="product-image" srcSet="https://productimages.coles.com.au/productimages/2/2682455.jpg?w=200 1x, https://productimages.coles.com.au/productimages/2/2682455.jpg?w=200 2x" src="https://productimages.coles.com.au/productimages/2/2682455.jpg?w=200" decoding="async" data-nimg="intrinsic" style="position:absolute;top:0;left:0;bottom:0;right:0;box-sizing:border-box;padding:0;border:none;margin:auto;display:block;width:0;height:0;min-width:100%;max-width:100%;min-height:100%;max-height:100%" loading="lazy"/></noscript></span></a></div><div class="product__message-title_area"><a class="product__link" tabindex="-1" href="/product/coles-air-freshener-vanilla-orchid-and-ylang-ylang-150g-2682455"><h2 class="LinesEllipsis  product__title">Coles Air Freshener Vanilla Orchid &amp; Ylang Ylang | 150g<wbr/></h2></a><div aria-hidden="true" class="product__pricing_area show-on-small-screen" data-testid="small-screen-pricing"><section class="sc-13943253-0 crixsy product__pricing product__pricing" data-testid="product_price"><div class="price"><span class="price__value" data-testid="product-pricing" aria-label="Price $2.70">$2.70</span></div><span class="price__calculation_method">$1.80 per 100g</span></section></div></div></header></div><div class="product__cta_section"><div aria-hidden="false" class="product__pricing_area hide-on-small-screen" data-testid="large-screen-pricing"><section class="sc-13943253-0 crixsy product__pricing product__pricing" data-testid="product_price"><div class="price"><span class="price__value" data-testid="product-pricing" aria-label="Price $2.70">$2.70</span></div><span class="price__calculation_method">$1.80 per 100g</span></section></div><div><div class="product__lists_cta_wrapper"><div data-testid="add-to-cart" class="sc-92165882-0 jEVjBd product__add_to_cart product__add_to_cart"><button data-testid="add-to-cart-button" aria-label="Add Coles Air Freshener Vanilla Orchid &amp; Ylang Ylang to the trolley" class="sc-89ccdc56-0 geKTLL product-tiles-btn coles-targeting-ButtonButton button"><span aria-hidden="false" class="sc-d0f9d37-0 cFnpaQ coles-targeting-ButtonButtonChildContainer"><svg focusable="false" xmlns="http://www.w3.org/2000/svg" width="24" height="24" viewBox="0 0 24 24"><g fill="none" fill-rule="evenodd"><path stroke="currentColor" stroke-linecap="round" stroke-linejoin="round" stroke-width="2" vector-effect="non-scaling-stroke" d="M8,22 C8.55228475,22 9,21.5522847 9,21 C9,20.4477153 8.55228475,20 8,20 C7.44771525,20 7,20.4477153 7,21 C7,21.5522847 7.44771525,22 8,22 Z M18,22 C18.5522847,22 19,21.5522847 19,21 C19,20.4477153 18.5522847,20 18,20 C17.4477153,20 17,20.4477153 17,21 C17,21.5522847 17.4477153,22 18,22 Z M2,3 L4.5,3 L6.68,14.39 C6.86873697,15.3402315 7.71138394,16.0185624 8.68,16 L17.4,16 C18.3686161,16.0185624 19.211263,15.3402315 19.4,14.39 L21,7 M13,12 L13,6 M10,9 L16,9"></path></g></svg>Add</span></button></div></div></div></div></section><section data-testid="product-tile" class="sc-219848b8-0 ictfiu"><div class="sc-219848b8-1 jiBIlJ coles-targeting-ProductTileHeaderWrapper"><header class="product__header"><div class="product__image_area"><a class="product__link product__image" aria-label="Coles Disinfectant Spring Fresh Surface Spray | 300g" href="/product/coles-disinfectant-spring-fresh-surface-spray-300g-7518346"><span style="box-sizing:border-box;display:inline-block;overflow:hidden;width:initial;height:initial;background:none;opacity:1;border:0;margin:0;padding:0;position:relative;max-width:100%"><span style="box-sizing:border-box;display:block;width:initial;height:initial;background:none;opacity:1;border:0;margin:0;padding:0;max-width:100%"><img style="display:block;max-width:100%;width:initial;height:initial;background:none;opacity:1;border:0;margin:0;padding:0" alt="" aria-hidden="true" src="data:image/svg+xml,%3csvg%20xmlns=%27http://www.w3.org/2000/svg%27%20version=%271.1%27%20width=%27200%27%20height=%27200%27/%3e"/></span><img alt="Coles Disinfectant Spring Fresh Surface Spray | 300g" data-testid="product-image" src="data:image/gif;base64,R0lGODlhAQABAIAAAAAAAP///yH5BAEAAAAALAAAAAABAAEAAAIBRAA7" decoding="async" data-nimg="intrinsic" style="position:absolute;top:0;left:0;bottom:0;right:0;box-sizing:border-box;padding:0;border:none;margin:auto;display:block;width:0;height:0;min-width:100%;max-width:100%;min-height:100%;max-height:100%"/><noscript><img alt="Coles Disinfectant Spring Fresh Surface Spray | 300g" data-testid="product-image" srcSet="https://productimages.coles.com.au/productimages/7/7518346.jpg?w=200 1x, https://productimages.coles.com.au/productimages/7/7518346.jpg?w=200 2x" src="https://productimages.coles.com.au/productimages/7/7518346.jpg?w=200" decoding="async" data-nimg="intrinsic" style="position:absolute;top:0;left:0;bottom:0;right:0;box-sizing:border-box;padding:0;border:none;margin:auto;display:block;width:0;height:0;min-width:100%;max-width:100%;min-height:100%;max-height:100%" loading="lazy"/></noscript></span></a></div><div class="product__message-title_area"><a class="product__link" tabindex="-1" href="/product/coles-disinfectant-spring-fresh-surface-spray-300g-7518346"><h2 class="LinesEllipsis  product__title">Coles Disinfectant Spring Fresh Surface Spray | 300g<wbr/></h2></a><div aria-hidden="true" class="product__pricing_area show-on-small-screen" data-testid="small-screen-pricing"><section class="sc-13943253-0 crixsy product__pricing product__pricing" data-testid="product_price"><div class="price"><span class="price__value" data-testid="product-pricing" aria-label="Price $4.00">$4.00</span></div><span class="price__calculation_method">$1.33 per 100g</span></section></div></div></header></div><div class="product__cta_section"><div aria-hidden="false" class="product__pricing_area hide-on-small-screen" data-testid="large-screen-pricing"><section class="sc-13943253-0 crixsy product__pricing product__pricing" data-testid="product_price"><div class="price"><span class="price__value" data-testid="product-pricing" aria-label="Price $4.00">$4.00</span></div><span class="price__calculation_method">$1.33 per 100g</span></section></div><div><div class="product__lists_cta_wrapper"><div data-testid="add-to-cart" class="sc-92165882-0 jEVjBd product__add_to_cart product__add_to_cart"><button data-testid="add-to-cart-button" aria-label="Add Coles Disinfectant Spring Fresh Surface Spray to the trolley" class="sc-89ccdc56-0 geKTLL product-tiles-btn coles-targeting-ButtonButton button"><span aria-hidden="false" class="sc-d0f9d37-0 cFnpaQ coles-targeting-ButtonButtonChildContainer"><svg focusable="false" xmlns="http://www.w3.org/2000/svg" width="24" height="24" viewBox="0 0 24 24"><g fill="none" fill-rule="evenodd"><path stroke="currentColor" stroke-linecap="round" stroke-linejoin="round" stroke-width="2" vector-effect="non-scaling-stroke" d="M8,22 C8.55228475,22 9,21.5522847 9,21 C9,20.4477153 8.55228475,20 8,20 C7.44771525,20 7,20.4477153 7,21 C7,21.5522847 7.44771525,22 8,22 Z M18,22 C18.5522847,22 19,21.5522847 19,21 C19,20.4477153 18.5522847,20 18,20 C17.4477153,20 17,20.4477153 17,21 C17,21.5522847 17.4477153,22 18,22 Z M2,3 L4.5,3 L6.68,14.39 C6.86873697,15.3402315 7.71138394,16.0185624 8.68,16 L17.4,16 C18.3686161,16.0185624 19.211263,15.3402315 19.4,14.39 L21,7 M13,12 L13,6 M10,9 L16,9"></path></g></svg>Add</span></button></div></div></div></div></section><section data-testid="product-tile" class="sc-219848b8-0 emkMhD"><div class="sc-219848b8-1 jiBIlJ coles-targeting-ProductTileHeaderWrapper"><header class="product__header"><div class="product__image_area"><a class="product__link product__image" aria-label="Glen 20 Air Disinfectant Pure Fresh Water | 283g" href="/product/glen-20-air-disinfectant-pure-fresh-water-283g-3742053"><span style="box-sizing:border-box;display:inline-block;overflow:hidden;width:initial;height:initial;background:none;opacity:1;border:0;margin:0;padding:0;position:relative;max-width:100%"><span style="box-sizing:border-box;display:block;width:initial;height:initial;background:none;opacity:1;border:0;margin:0;padding:0;max-width:100%"><img style="display:block;max-width:100%;width:initial;height:initial;background:none;opacity:1;border:0;margin:0;padding:0" alt="" aria-hidden="true" src="data:image/svg+xml,%3csvg%20xmlns=%27http://www.w3.org/2000/svg%27%20version=%271.1%27%20width=%27200%27%20height=%27200%27/%3e"/></span><img alt="Glen 20 Air Disinfectant Pure Fresh Water | 283g" data-testid="product-image" src="data:image/gif;base64,R0lGODlhAQABAIAAAAAAAP///yH5BAEAAAAALAAAAAABAAEAAAIBRAA7" decoding="async" data-nimg="intrinsic" style="position:absolute;top:0;left:0;bottom:0;right:0;box-sizing:border-box;padding:0;border:none;margin:auto;display:block;width:0;height:0;min-width:100%;max-width:100%;min-height:100%;max-height:100%"/><noscript><img alt="Glen 20 Air Disinfectant Pure Fresh Water | 283g" data-testid="product-image" srcSet="https://productimages.coles.com.au/productimages/3/3742053.jpg?w=200 1x, https://productimages.coles.com.au/productimages/3/3742053.jpg?w=200 2x" src="https://productimages.coles.com.au/productimages/3/3742053.jpg?w=200" decoding="async" data-nimg="intrinsic" style="position:absolute;top:0;left:0;bottom:0;right:0;box-sizing:border-box;padding:0;border:none;margin:auto;display:block;width:0;height:0;min-width:100%;max-width:100%;min-height:100%;max-height:100%" loading="lazy"/></noscript></span></a></div><div class="product__message-title_area"><a class="product__link" tabindex="-1" href="/product/glen-20-air-disinfectant-pure-fresh-water-283g-3742053"><h2 class="LinesEllipsis  product__title">Glen 20 Air Disinfectant Pure Fresh Water | 283g<wbr/></h2></a><span data-testid="complex-promotion-online-only" class="sc-fe6dff31-0 kStxxR product__badge product__badge"><span class="roundel-text complex-promotion-online-only">ONLINE ONLY</span></span><div aria-hidden="true" class="product__pricing_area show-on-small-screen" data-testid="small-screen-pricing"><section class="sc-13943253-0 crixsy product__pricing product__pricing" data-testid="product_price"><div class="price"><span class="price__value" data-testid="product-pricing" aria-label="Price $11.50">$11.50</span></div><span class="price__calculation_method">$4.06 per 100g</span></section></div></div></header></div><div class="product__cta_section"><div aria-hidden="false" class="product__pricing_area hide-on-small-screen" data-testid="large-screen-pricing"><section class="sc-13943253-0 crixsy product__pricing product__pricing" data-testid="product_price"><div class="price"><span class="price__value" data-testid="product-pricing" aria-label="Price $11.50">$11.50</span></div><span class="price__calculation_method">$4.06 per 100g</span></section></div><div><div class="product__lists_cta_wrapper"><div data-testid="add-to-cart" class="sc-92165882-0 jEVjBd product__add_to_cart product__add_to_cart"><button data-testid="add-to-cart-button" aria-label="Add Glen 20 Air Disinfectant Pure Fresh Water to the trolley" class="sc-89ccdc56-0 geKTLL product-tiles-btn coles-targeting-ButtonButton button"><span aria-hidden="false" class="sc-d0f9d37-0 cFnpaQ coles-targeting-ButtonButtonChildContainer"><svg focusable="false" xmlns="http://www.w3.org/2000/svg" width="24" height="24" viewBox="0 0 24 24"><g fill="none" fill-rule="evenodd"><path stroke="currentColor" stroke-linecap="round" stroke-linejoin="round" stroke-width="2" vector-effect="non-scaling-stroke" d="M8,22 C8.55228475,22 9,21.5522847 9,21 C9,20.4477153 8.55228475,20 8,20 C7.44771525,20 7,20.4477153 7,21 C7,21.5522847 7.44771525,22 8,22 Z M18,22 C18.5522847,22 19,21.5522847 19,21 C19,20.4477153 18.5522847,20 18,20 C17.4477153,20 17,20.4477153 17,21 C17,21.5522847 17.4477153,22 18,22 Z M2,3 L4.5,3 L6.68,14.39 C6.86873697,15.3402315 7.71138394,16.0185624 8.68,16 L17.4,16 C18.3686161,16.0185624 19.211263,15.3402315 19.4,14.39 L21,7 M13,12 L13,6 M10,9 L16,9"></path></g></svg>Add</span></button></div></div></div></div></section><section data-testid="product-tile" class="sc-219848b8-0 ictfiu"><div class="sc-219848b8-1 jiBIlJ coles-targeting-ProductTileHeaderWrapper"><header class="product__header"><div class="product__image_area"><a class="product__link product__image" aria-label="Glen 20 Original Disinfectant Spray | 375g" href="/product/glen-20-original-disinfectant-spray-375g-4261345"><span style="box-sizing:border-box;display:inline-block;overflow:hidden;width:initial;height:initial;background:none;opacity:1;border:0;margin:0;padding:0;position:relative;max-width:100%"><span style="box-sizing:border-box;display:block;width:initial;height:initial;background:none;opacity:1;border:0;margin:0;padding:0;max-width:100%"><img style="display:block;max-width:100%;width:initial;height:initial;background:none;opacity:1;border:0;margin:0;padding:0" alt="" aria-hidden="true" src="data:image/svg+xml,%3csvg%20xmlns=%27http://www.w3.org/2000/svg%27%20version=%271.1%27%20width=%27200%27%20height=%27200%27/%3e"/></span><img alt="Glen 20 Original Disinfectant Spray | 375g" data-testid="product-image" src="data:image/gif;base64,R0lGODlhAQABAIAAAAAAAP///yH5BAEAAAAALAAAAAABAAEAAAIBRAA7" decoding="async" data-nimg="intrinsic" style="position:absolute;top:0;left:0;bottom:0;right:0;box-sizing:border-box;padding:0;border:none;margin:auto;display:block;width:0;height:0;min-width:100%;max-width:100%;min-height:100%;max-height:100%"/><noscript><img alt="Glen 20 Original Disinfectant Spray | 375g" data-testid="product-image" srcSet="https://productimages.coles.com.au/productimages/4/4261345.jpg?w=200 1x, https://productimages.coles.com.au/productimages/4/4261345.jpg?w=200 2x" src="https://productimages.coles.com.au/productimages/4/4261345.jpg?w=200" decoding="async" data-nimg="intrinsic" style="position:absolute;top:0;left:0;bottom:0;right:0;box-sizing:border-box;padding:0;border:none;margin:auto;display:block;width:0;height:0;min-width:100%;max-width:100%;min-height:100%;max-height:100%" loading="lazy"/></noscript></span></a></div><div class="product__message-title_area"><a class="product__link" tabindex="-1" href="/product/glen-20-original-disinfectant-spray-375g-4261345"><h2 class="LinesEllipsis  product__title">Glen 20 Original Disinfectant Spray | 375g<wbr/></h2></a><div aria-hidden="true" class="product__pricing_area show-on-small-screen" data-testid="small-screen-pricing"><section class="sc-13943253-0 crixsy product__pricing product__pricing" data-testid="product_price"><div class="price"><span class="price__value" data-testid="product-pricing" aria-label="Price $11.50">$11.50</span></div><span class="price__calculation_method">$3.07 per 100g</span></section></div></div></header></div><div class="product__cta_section"><div aria-hidden="false" class="product__pricing_area hide-on-small-screen" data-testid="large-screen-pricing"><section class="sc-13943253-0 crixsy product__pricing product__pricing" data-testid="product_price"><div class="price"><span class="price__value" data-testid="product-pricing" aria-label="Price $11.50">$11.50</span></div><span class="price__calculation_method">$3.07 per 100g</span></section></div><div><div class="product__lists_cta_wrapper"><div data-testid="add-to-cart" class="sc-92165882-0 jEVjBd product__add_to_cart product__add_to_cart"><button data-testid="add-to-cart-button" aria-label="Add Glen 20 Original Disinfectant Spray to the trolley" class="sc-89ccdc56-0 geKTLL product-tiles-btn coles-targeting-ButtonButton button"><span aria-hidden="false" class="sc-d0f9d37-0 cFnpaQ coles-targeting-ButtonButtonChildContainer"><svg focusable="false" xmlns="http://www.w3.org/2000/svg" width="24" height="24" viewBox="0 0 24 24"><g fill="none" fill-rule="evenodd"><path stroke="currentColor" stroke-linecap="round" stroke-linejoin="round" stroke-width="2" vector-effect="non-scaling-stroke" d="M8,22 C8.55228475,22 9,21.5522847 9,21 C9,20.4477153 8.55228475,20 8,20 C7.44771525,20 7,20.4477153 7,21 C7,21.5522847 7.44771525,22 8,22 Z M18,22 C18.5522847,22 19,21.5522847 19,21 C19,20.4477153 18.5522847,20 18,20 C17.4477153,20 17,20.4477153 17,21 C17,21.5522847 17.4477153,22 18,22 Z M2,3 L4.5,3 L6.68,14.39 C6.86873697,15.3402315 7.71138394,16.0185624 8.68,16 L17.4,16 C18.3686161,16.0185624 19.211263,15.3402315 19.4,14.39 L21,7 M13,12 L13,6 M10,9 L16,9"></path></g></svg>Add</span></button></div></div></div></div></section><section data-testid="product-tile" class="sc-219848b8-0 ictfiu"><div class="sc-219848b8-1 jiBIlJ coles-targeting-ProductTileHeaderWrapper"><header class="product__header"><div class="product__image_area"><a class="product__link product__image" aria-label="Coles Air Freshener Mango Crush | 237g" href="/product/coles-air-freshener-mango-crush-237g-4952415"><span style="box-sizing:border-box;display:inline-block;overflow:hidden;width:initial;height:initial;background:none;opacity:1;border:0;margin:0;padding:0;position:relative;max-width:100%"><span style="box-sizing:border-box;display:block;width:initial;height:initial;background:none;opacity:1;border:0;margin:0;padding:0;max-width:100%"><img style="display:block;max-width:100%;width:initial;height:initial;background:none;opacity:1;border:0;margin:0;padding:0" alt="" aria-hidden="true" src="data:image/svg+xml,%3csvg%20xmlns=%27http://www.w3.org/2000/svg%27%20version=%271.1%27%20width=%27200%27%20height=%27200%27/%3e"/></span><img alt="Coles Air Freshener Mango Crush | 237g" data-testid="product-image" src="data:image/gif;base64,R0lGODlhAQABAIAAAAAAAP///yH5BAEAAAAALAAAAAABAAEAAAIBRAA7" decoding="async" data-nimg="intrinsic" style="position:absolute;top:0;left:0;bottom:0;right:0;box-sizing:border-box;padding:0;border:none;margin:auto;display:block;width:0;height:0;min-width:100%;max-width:100%;min-height:100%;max-height:100%"/><noscript><img alt="Coles Air Freshener Mango Crush | 237g" data-testid="product-image" srcSet="https://productimages.coles.com.au/productimages/4/4952415.jpg?w=200 1x, https://productimages.coles.com.au/productimages/4/4952415.jpg?w=200 2x" src="https://productimages.coles.com.au/productimages/4/4952415.jpg?w=200" decoding="async" data-nimg="intrinsic" style="position:absolute;top:0;left:0;bottom:0;right:0;box-sizing:border-box;padding:0;border:none;margin:auto;display:block;width:0;height:0;min-width:100%;max-width:100%;min-height:100%;max-height:100%" loading="lazy"/></noscript></span></a></div><div class="product__message-title_area"><a class="product__link" tabindex="-1" href="/product/coles-air-freshener-mango-crush-237g-4952415"><h2 class="LinesEllipsis  product__title">Coles Air Freshener Mango Crush | 237g<wbr/></h2></a><div aria-hidden="true" class="product__pricing_area show-on-small-screen" data-testid="small-screen-pricing"><section class="sc-13943253-0 crixsy product__pricing product__pricing" data-testid="product_price"><div class="price"><span class="price__value" data-testid="product-pricing" aria-label="Price $1.90">$1.90</span></div><span class="price__calculation_method">$0.80 per 100g</span></section></div></div></header></div><div class="product__cta_section"><div aria-hidden="false" class="product__pricing_area hide-on-small-screen" data-testid="large-screen-pricing"><section class="sc-13943253-0 crixsy product__pricing product__pricing" data-testid="product_price"><div class="price"><span class="price__value" data-testid="product-pricing" aria-label="Price $1.90">$1.90</span></div><span class="price__calculation_method">$0.80 per 100g</span></section></div><div><div class="product__lists_cta_wrapper"><div data-testid="add-to-cart" class="sc-92165882-0 jEVjBd product__add_to_cart product__add_to_cart"><button data-testid="add-to-cart-button" aria-label="Add Coles Air Freshener Mango Crush to the trolley" class="sc-89ccdc56-0 geKTLL product-tiles-btn coles-targeting-ButtonButton button"><span aria-hidden="false" class="sc-d0f9d37-0 cFnpaQ coles-targeting-ButtonButtonChildContainer"><svg focusable="false" xmlns="http://www.w3.org/2000/svg" width="24" height="24" viewBox="0 0 24 24"><g fill="none" fill-rule="evenodd"><path stroke="currentColor" stroke-linecap="round" stroke-linejoin="round" stroke-width="2" vector-effect="non-scaling-stroke" d="M8,22 C8.55228475,22 9,21.5522847 9,21 C9,20.4477153 8.55228475,20 8,20 C7.44771525,20 7,20.4477153 7,21 C7,21.5522847 7.44771525,22 8,22 Z M18,22 C18.5522847,22 19,21.5522847 19,21 C19,20.4477153 18.5522847,20 18,20 C17.4477153,20 17,20.4477153 17,21 C17,21.5522847 17.4477153,22 18,22 Z M2,3 L4.5,3 L6.68,14.39 C6.86873697,15.3402315 7.71138394,16.0185624 8.68,16 L17.4,16 C18.3686161,16.0185624 19.211263,15.3402315 19.4,14.39 L21,7 M13,12 L13,6 M10,9 L16,9"></path></g></svg>Add</span></button></div></div></div></div></section><section data-testid="product-tile" class="sc-219848b8-0 ictfiu"><div class="sc-219848b8-1 jiBIlJ coles-targeting-ProductTileHeaderWrapper"><header class="product__header"><div class="product__image_area"><a class="product__link product__image" aria-label="Glen 20 Citrus Breeze Disinfectant Spray | 375g" href="/product/glen-20-citrus-breeze-disinfectant-spray-375g-4261378"><span style="box-sizing:border-box;display:inline-block;overflow:hidden;width:initial;height:initial;background:none;opacity:1;border:0;margin:0;padding:0;position:relative;max-width:100%"><span style="box-sizing:border-box;display:block;width:initial;height:initial;background:none;opacity:1;border:0;margin:0;padding:0;max-width:100%"><img style="display:block;max-width:100%;width:initial;height:initial;background:none;opacity:1;border:0;margin:0;padding:0" alt="" aria-hidden="true" src="data:image/svg+xml,%3csvg%20xmlns=%27http://www.w3.org/2000/svg%27%20version=%271.1%27%20width=%27200%27%20height=%27200%27/%3e"/></span><img alt="Glen 20 Citrus Breeze Disinfectant Spray | 375g" data-testid="product-image" src="data:image/gif;base64,R0lGODlhAQABAIAAAAAAAP///yH5BAEAAAAALAAAAAABAAEAAAIBRAA7" decoding="async" data-nimg="intrinsic" style="position:absolute;top:0;left:0;bottom:0;right:0;box-sizing:border-box;padding:0;border:none;margin:auto;display:block;width:0;height:0;min-width:100%;max-width:100%;min-height:100%;max-height:100%"/><noscript><img alt="Glen 20 Citrus Breeze Disinfectant Spray | 375g" data-testid="product-image" srcSet="https://productimages.coles.com.au/productimages/4/4261378.jpg?w=200 1x, https://productimages.coles.com.au/productimages/4/4261378.jpg?w=200 2x" src="https://productimages.coles.com.au/productimages/4/4261378.jpg?w=200" decoding="async" data-nimg="intrinsic" style="position:absolute;top:0;left:0;bottom:0;right:0;box-sizing:border-box;padding:0;border:none;margin:auto;display:block;width:0;height:0;min-width:100%;max-width:100%;min-height:100%;max-height:100%" loading="lazy"/></noscript></span></a></div><div class="product__message-title_area"><a class="product__link" tabindex="-1" href="/product/glen-20-citrus-breeze-disinfectant-spray-375g-4261378"><h2 class="LinesEllipsis  product__title">Glen 20 Citrus Breeze Disinfectant Spray | 375g<wbr/></h2></a><div aria-hidden="true" class="product__pricing_area show-on-small-screen" data-testid="small-screen-pricing"><section class="sc-13943253-0 crixsy product__pricing product__pricing" data-testid="product_price"><div class="price"><span class="price__value" data-testid="product-pricing" aria-label="Price $11.50">$11.50</span></div><span class="price__calculation_method">$3.07 per 100g</span></section></div></div></header></div><div class="product__cta_section"><div aria-hidden="false" class="product__pricing_area hide-on-small-screen" data-testid="large-screen-pricing"><section class="sc-13943253-0 crixsy product__pricing product__pricing" data-testid="product_price"><div class="price"><span class="price__value" data-testid="product-pricing" aria-label="Price $11.50">$11.50</span></div><span class="price__calculation_method">$3.07 per 100g</span></section></div><div><div class="product__lists_cta_wrapper"><div data-testid="add-to-cart" class="sc-92165882-0 jEVjBd product__add_to_cart product__add_to_cart"><button data-testid="add-to-cart-button" aria-label="Add Glen 20 Citrus Breeze Disinfectant Spray to the trolley" class="sc-89ccdc56-0 geKTLL product-tiles-btn coles-targeting-ButtonButton button"><span aria-hidden="false" class="sc-d0f9d37-0 cFnpaQ coles-targeting-ButtonButtonChildContainer"><svg focusable="false" xmlns="http://www.w3.org/2000/svg" width="24" height="24" viewBox="0 0 24 24"><g fill="none" fill-rule="evenodd"><path stroke="currentColor" stroke-linecap="round" stroke-linejoin="round" stroke-width="2" vector-effect="non-scaling-stroke" d="M8,22 C8.55228475,22 9,21.5522847 9,21 C9,20.4477153 8.55228475,20 8,20 C7.44771525,20 7,20.4477153 7,21 C7,21.5522847 7.44771525,22 8,22 Z M18,22 C18.5522847,22 19,21.5522847 19,21 C19,20.4477153 18.5522847,20 18,20 C17.4477153,20 17,20.4477153 17,21 C17,21.5522847 17.4477153,22 18,22 Z M2,3 L4.5,3 L6.68,14.39 C6.86873697,15.3402315 7.71138394,16.0185624 8.68,16 L17.4,16 C18.3686161,16.0185624 19.211263,15.3402315 19.4,14.39 L21,7 M13,12 L13,6 M10,9 L16,9"></path></g></svg>Add</span></button></div></div></div></div></section><section data-testid="product-tile" class="sc-219848b8-0 ictfiu"><div class="sc-219848b8-1 jiBIlJ coles-targeting-ProductTileHeaderWrapper"><header class="product__header"><div class="product__image_area"><a class="product__link product__image" aria-label="Coles Air Freshener Fresh Linen | 150g" href="/product/coles-air-freshener-fresh-linen-150g-3059032"><span style="box-sizing:border-box;display:inline-block;overflow:hidden;width:initial;height:initial;background:none;opacity:1;border:0;margin:0;padding:0;position:relative;max-width:100%"><span style="box-sizing:border-box;display:block;width:initial;height:initial;background:none;opacity:1;border:0;margin:0;padding:0;max-width:100%"><img style="display:block;max-width:100%;width:initial;height:initial;background:none;opacity:1;border:0;margin:0;padding:0" alt="" aria-hidden="true" src="data:image/svg+xml,%3csvg%20xmlns=%27http://www.w3.org/2000/svg%27%20version=%271.1%27%20width=%27200%27%20height=%27200%27/%3e"/></span><img alt="Coles Air Freshener Fresh Linen | 150g" data-testid="product-image" src="data:image/gif;base64,R0lGODlhAQABAIAAAAAAAP///yH5BAEAAAAALAAAAAABAAEAAAIBRAA7" decoding="async" data-nimg="intrinsic" style="position:absolute;top:0;left:0;bottom:0;right:0;box-sizing:border-box;padding:0;border:none;margin:auto;display:block;width:0;height:0;min-width:100%;max-width:100%;min-height:100%;max-height:100%"/><noscript><img alt="Coles Air Freshener Fresh Linen | 150g" data-testid="product-image" srcSet="https://productimages.coles.com.au/productimages/3/3059032.jpg?w=200 1x, https://productimages.coles.com.au/productimages/3/3059032.jpg?w=200 2x" src="https://productimages.coles.com.au/productimages/3/3059032.jpg?w=200" decoding="async" data-nimg="intrinsic" style="position:absolute;top:0;left:0;bottom:0;right:0;box-sizing:border-box;padding:0;border:none;margin:auto;display:block;width:0;height:0;min-width:100%;max-width:100%;min-height:100%;max-height:100%" loading="lazy"/></noscript></span></a></div><div class="product__message-title_area"><a class="product__link" tabindex="-1" href="/product/coles-air-freshener-fresh-linen-150g-3059032"><h2 class="LinesEllipsis  product__title">Coles Air Freshener Fresh Linen | 150g<wbr/></h2></a><div aria-hidden="true" class="product__pricing_area show-on-small-screen" data-testid="small-screen-pricing"><section class="sc-13943253-0 crixsy product__pricing product__pricing" data-testid="product_price"><div class="price"><span class="price__value" data-testid="product-pricing" aria-label="Price $2.70">$2.70</span></div><span class="price__calculation_method">$1.80 per 100g</span></section></div></div></header></div><div class="product__cta_section"><div aria-hidden="false" class="product__pricing_area hide-on-small-screen" data-testid="large-screen-pricing"><section class="sc-13943253-0 crixsy product__pricing product__pricing" data-testid="product_price"><div class="price"><span class="price__value" data-testid="product-pricing" aria-label="Price $2.70">$2.70</span></div><span class="price__calculation_method">$1.80 per 100g</span></section></div><div><div class="product__lists_cta_wrapper"><div data-testid="add-to-cart" class="sc-92165882-0 jEVjBd product__add_to_cart product__add_to_cart"><button data-testid="add-to-cart-button" aria-label="Add Coles Air Freshener Fresh Linen to the trolley" class="sc-89ccdc56-0 geKTLL product-tiles-btn coles-targeting-ButtonButton button"><span aria-hidden="false" class="sc-d0f9d37-0 cFnpaQ coles-targeting-ButtonButtonChildContainer"><svg focusable="false" xmlns="http://www.w3.org/2000/svg" width="24" height="24" viewBox="0 0 24 24"><g fill="none" fill-rule="evenodd"><path stroke="currentColor" stroke-linecap="round" stroke-linejoin="round" stroke-width="2" vector-effect="non-scaling-stroke" d="M8,22 C8.55228475,22 9,21.5522847 9,21 C9,20.4477153 8.55228475,20 8,20 C7.44771525,20 7,20.4477153 7,21 C7,21.5522847 7.44771525,22 8,22 Z M18,22 C18.5522847,22 19,21.5522847 19,21 C19,20.4477153 18.5522847,20 18,20 C17.4477153,20 17,20.4477153 17,21 C17,21.5522847 17.4477153,22 18,22 Z M2,3 L4.5,3 L6.68,14.39 C6.86873697,15.3402315 7.71138394,16.0185624 8.68,16 L17.4,16 C18.3686161,16.0185624 19.211263,15.3402315 19.4,14.39 L21,7 M13,12 L13,6 M10,9 L16,9"></path></g></svg>Add</span></button></div></div></div></div></section><section data-testid="product-tile" class="sc-219848b8-0 ictfiu"><div class="sc-219848b8-1 jiBIlJ coles-targeting-ProductTileHeaderWrapper"><header class="product__header"><div class="product__image_area"><a class="product__link product__image" aria-label="White King Disinfectant Cleaner Concentrate Citrus | 1L" href="/product/white-king-disinfectant-cleaner-concentrate-citrus-1l-4232595"><span style="box-sizing:border-box;display:inline-block;overflow:hidden;width:initial;height:initial;background:none;opacity:1;border:0;margin:0;padding:0;position:relative;max-width:100%"><span style="box-sizing:border-box;display:block;width:initial;height:initial;background:none;opacity:1;border:0;margin:0;padding:0;max-width:100%"><img style="display:block;max-width:100%;width:initial;height:initial;background:none;opacity:1;border:0;margin:0;padding:0" alt="" aria-hidden="true" src="data:image/svg+xml,%3csvg%20xmlns=%27http://www.w3.org/2000/svg%27%20version=%271.1%27%20width=%27200%27%20height=%27200%27/%3e"/></span><img alt="White King Disinfectant Cleaner Concentrate Citrus | 1L" data-testid="product-image" src="data:image/gif;base64,R0lGODlhAQABAIAAAAAAAP///yH5BAEAAAAALAAAAAABAAEAAAIBRAA7" decoding="async" data-nimg="intrinsic" style="position:absolute;top:0;left:0;bottom:0;right:0;box-sizing:border-box;padding:0;border:none;margin:auto;display:block;width:0;height:0;min-width:100%;max-width:100%;min-height:100%;max-height:100%"/><noscript><img alt="White King Disinfectant Cleaner Concentrate Citrus | 1L" data-testid="product-image" srcSet="https://productimages.coles.com.au/productimages/4/4232595.jpg?w=200 1x, https://productimages.coles.com.au/productimages/4/4232595.jpg?w=200 2x" src="https://productimages.coles.com.au/productimages/4/4232595.jpg?w=200" decoding="async" data-nimg="intrinsic" style="position:absolute;top:0;left:0;bottom:0;right:0;box-sizing:border-box;padding:0;border:none;margin:auto;display:block;width:0;height:0;min-width:100%;max-width:100%;min-height:100%;max-height:100%" loading="lazy"/></noscript></span></a></div><div class="product__message-title_area"><a class="product__link" tabindex="-1" href="/product/white-king-disinfectant-cleaner-concentrate-citrus-1l-4232595"><h2 class="LinesEllipsis  product__title">White King Disinfectant Cleaner Concentrate Citrus | 1L<wbr/></h2></a><div aria-hidden="true" class="product__pricing_area show-on-small-screen" data-testid="small-screen-pricing"><section class="sc-13943253-0 crixsy product__pricing product__pricing" data-testid="product_price"><div class="price"><span class="price__value" data-testid="product-pricing" aria-label="Price $6.00">$6.00</span></div><span class="price__calculation_method">$0.60 per 100mL</span></section></div></div></header></div><div class="product__cta_section"><div aria-hidden="false" class="product__pricing_area hide-on-small-screen" data-testid="large-screen-pricing"><section class="sc-13943253-0 crixsy product__pricing product__pricing" data-testid="product_price"><div class="price"><span class="price__value" data-testid="product-pricing" aria-label="Price $6.00">$6.00</span></div><span class="price__calculation_method">$0.60 per 100mL</span></section></div><div><div class="product__lists_cta_wrapper"><div data-testid="add-to-cart" class="sc-92165882-0 jEVjBd product__add_to_cart product__add_to_cart"><button data-testid="add-to-cart-button" aria-label="Add White King Disinfectant Cleaner Concentrate Citrus to the trolley" class="sc-89ccdc56-0 geKTLL product-tiles-btn coles-targeting-ButtonButton button"><span aria-hidden="false" class="sc-d0f9d37-0 cFnpaQ coles-targeting-ButtonButtonChildContainer"><svg focusable="false" xmlns="http://www.w3.org/2000/svg" width="24" height="24" viewBox="0 0 24 24"><g fill="none" fill-rule="evenodd"><path stroke="currentColor" stroke-linecap="round" stroke-linejoin="round" stroke-width="2" vector-effect="non-scaling-stroke" d="M8,22 C8.55228475,22 9,21.5522847 9,21 C9,20.4477153 8.55228475,20 8,20 C7.44771525,20 7,20.4477153 7,21 C7,21.5522847 7.44771525,22 8,22 Z M18,22 C18.5522847,22 19,21.5522847 19,21 C19,20.4477153 18.5522847,20 18,20 C17.4477153,20 17,20.4477153 17,21 C17,21.5522847 17.4477153,22 18,22 Z M2,3 L4.5,3 L6.68,14.39 C6.86873697,15.3402315 7.71138394,16.0185624 8.68,16 L17.4,16 C18.3686161,16.0185624 19.211263,15.3402315 19.4,14.39 L21,7 M13,12 L13,6 M10,9 L16,9"></path></g></svg>Add</span></button></div></div></div></div></section><section data-testid="product-tile" class="sc-219848b8-0 ictfiu"><div class="sc-219848b8-1 jiBIlJ coles-targeting-ProductTileHeaderWrapper"><header class="product__header"><div class="product__image_area"><a class="product__link product__image" aria-label="Coles Air Freshener Cherry Blossom | 150g" href="/product/coles-air-freshener-cherry-blossom-150g-2682488"><span style="box-sizing:border-box;display:inline-block;overflow:hidden;width:initial;height:initial;background:none;opacity:1;border:0;margin:0;padding:0;position:relative;max-width:100%"><span style="box-sizing:border-box;display:block;width:initial;height:initial;background:none;opacity:1;border:0;margin:0;padding:0;max-width:100%"><img style="display:block;max-width:100%;width:initial;height:initial;background:none;opacity:1;border:0;margin:0;padding:0" alt="" aria-hidden="true" src="data:image/svg+xml,%3csvg%20xmlns=%27http://www.w3.org/2000/svg%27%20version=%271.1%27%20width=%27200%27%20height=%27200%27/%3e"/></span><img alt="Coles Air Freshener Cherry Blossom | 150g" data-testid="product-image" src="data:image/gif;base64,R0lGODlhAQABAIAAAAAAAP///yH5BAEAAAAALAAAAAABAAEAAAIBRAA7" decoding="async" data-nimg="intrinsic" style="position:absolute;top:0;left:0;bottom:0;right:0;box-sizing:border-box;padding:0;border:none;margin:auto;display:block;width:0;height:0;min-width:100%;max-width:100%;min-height:100%;max-height:100%"/><noscript><img alt="Coles Air Freshener Cherry Blossom | 150g" data-testid="product-image" srcSet="https://productimages.coles.com.au/productimages/2/2682488.jpg?w=200 1x, https://productimages.coles.com.au/productimages/2/2682488.jpg?w=200 2x" src="https://productimages.coles.com.au/productimages/2/2682488.jpg?w=200" decoding="async" data-nimg="intrinsic" style="position:absolute;top:0;left:0;bottom:0;right:0;box-sizing:border-box;padding:0;border:none;margin:auto;display:block;width:0;height:0;min-width:100%;max-width:100%;min-height:100%;max-height:100%" loading="lazy"/></noscript></span></a></div><div class="product__message-title_area"><a class="product__link" tabindex="-1" href="/product/coles-air-freshener-cherry-blossom-150g-2682488"><h2 class="LinesEllipsis  product__title">Coles Air Freshener Cherry Blossom | 150g<wbr/></h2></a><div aria-hidden="true" class="product__pricing_area show-on-small-screen" data-testid="small-screen-pricing"><section class="sc-13943253-0 crixsy product__pricing product__pricing" data-testid="product_price"><div class="price"><span class="price__value" data-testid="product-pricing" aria-label="Price $2.70">$2.70</span></div><span class="price__calculation_method">$1.80 per 100g</span></section></div></div></header></div><div class="product__cta_section"><div aria-hidden="false" class="product__pricing_area hide-on-small-screen" data-testid="large-screen-pricing"><section class="sc-13943253-0 crixsy product__pricing product__pricing" data-testid="product_price"><div class="price"><span class="price__value" data-testid="product-pricing" aria-label="Price $2.70">$2.70</span></div><span class="price__calculation_method">$1.80 per 100g</span></section></div><div><div class="product__lists_cta_wrapper"><div data-testid="add-to-cart" class="sc-92165882-0 jEVjBd product__add_to_cart product__add_to_cart"><button data-testid="add-to-cart-button" aria-label="Add Coles Air Freshener Cherry Blossom to the trolley" class="sc-89ccdc56-0 geKTLL product-tiles-btn coles-targeting-ButtonButton button"><span aria-hidden="false" class="sc-d0f9d37-0 cFnpaQ coles-targeting-ButtonButtonChildContainer"><svg focusable="false" xmlns="http://www.w3.org/2000/svg" width="24" height="24" viewBox="0 0 24 24"><g fill="none" fill-rule="evenodd"><path stroke="currentColor" stroke-linecap="round" stroke-linejoin="round" stroke-width="2" vector-effect="non-scaling-stroke" d="M8,22 C8.55228475,22 9,21.5522847 9,21 C9,20.4477153 8.55228475,20 8,20 C7.44771525,20 7,20.4477153 7,21 C7,21.5522847 7.44771525,22 8,22 Z M18,22 C18.5522847,22 19,21.5522847 19,21 C19,20.4477153 18.5522847,20 18,20 C17.4477153,20 17,20.4477153 17,21 C17,21.5522847 17.4477153,22 18,22 Z M2,3 L4.5,3 L6.68,14.39 C6.86873697,15.3402315 7.71138394,16.0185624 8.68,16 L17.4,16 C18.3686161,16.0185624 19.211263,15.3402315 19.4,14.39 L21,7 M13,12 L13,6 M10,9 L16,9"></path></g></svg>Add</span></button></div></div></div></div></section><section data-testid="product-tile" class="sc-219848b8-0 ictfiu"><div class="sc-219848b8-1 jiBIlJ coles-targeting-ProductTileHeaderWrapper"><header class="product__header"><div class="product__image_area"><a class="product__link product__image" aria-label="Glen 20 Disinfectant Spray Crisp Linen | 300g" href="/product/glen-20-disinfectant-spray-crisp-linen-300g-4261276"><span style="box-sizing:border-box;display:inline-block;overflow:hidden;width:initial;height:initial;background:none;opacity:1;border:0;margin:0;padding:0;position:relative;max-width:100%"><span style="box-sizing:border-box;display:block;width:initial;height:initial;background:none;opacity:1;border:0;margin:0;padding:0;max-width:100%"><img style="display:block;max-width:100%;width:initial;height:initial;background:none;opacity:1;border:0;margin:0;padding:0" alt="" aria-hidden="true" src="data:image/svg+xml,%3csvg%20xmlns=%27http://www.w3.org/2000/svg%27%20version=%271.1%27%20width=%27200%27%20height=%27200%27/%3e"/></span><img alt="Glen 20 Disinfectant Spray Crisp Linen | 300g" data-testid="product-image" src="data:image/gif;base64,R0lGODlhAQABAIAAAAAAAP///yH5BAEAAAAALAAAAAABAAEAAAIBRAA7" decoding="async" data-nimg="intrinsic" style="position:absolute;top:0;left:0;bottom:0;right:0;box-sizing:border-box;padding:0;border:none;margin:auto;display:block;width:0;height:0;min-width:100%;max-width:100%;min-height:100%;max-height:100%"/><noscript><img alt="Glen 20 Disinfectant Spray Crisp Linen | 300g" data-testid="product-image" srcSet="https://productimages.coles.com.au/productimages/4/4261276.jpg?w=200 1x, https://productimages.coles.com.au/productimages/4/4261276.jpg?w=200 2x" src="https://productimages.coles.com.au/productimages/4/4261276.jpg?w=200" decoding="async" data-nimg="intrinsic" style="position:absolute;top:0;left:0;bottom:0;right:0;box-sizing:border-box;padding:0;border:none;margin:auto;display:block;width:0;height:0;min-width:100%;max-width:100%;min-height:100%;max-height:100%" loading="lazy"/></noscript></span></a></div><div class="product__message-title_area"><a class="product__link" tabindex="-1" href="/product/glen-20-disinfectant-spray-crisp-linen-300g-4261276"><h2 class="LinesEllipsis  product__title">Glen 20 Disinfectant Spray Crisp Linen | 300g<wbr/></h2></a><span data-testid="simple-fixed-price-specials" class="sc-fe6dff31-0 kStxxR product__badge product__badge"><span class="roundel-text simple-fixed-price-specials">SPECIAL</span></span><div aria-hidden="true" class="product__pricing_area show-on-small-screen" data-testid="small-screen-pricing"><section class="sc-13943253-0 crixsy product__pricing product__pricing" data-testid="product_price"><div class="price"><span class="price__value" data-testid="product-pricing" aria-label="Price $7.10">$7.10</span><span data-testid="badge-wrapper" type="savings" class="sc-c74b40a4-0 ezeMjE badge is-small badge is-small"><section aria-label="" class="badge-label">Save $2.40</section></span></div><span class="price__calculation_method">$2.37 per 100g<span class="price__was"> | Was $9.50</span></span></section></div></div></header></div><div class="product__cta_section"><div aria-hidden="false" class="product__pricing_area hide-on-small-screen" data-testid="large-screen-pricing"><section class="sc-13943253-0 crixsy product__pricing product__pricing" data-testid="product_price"><div class="price"><span class="price__value" data-testid="product-pricing" aria-label="Price $7.10">$7.10</span><span data-testid="badge-wrapper" type="savings" class="sc-c74b40a4-0 ezeMjE badge is-small badge is-small"><section aria-label="" class="badge-label">Save $2.40</section></span></div><span class="price__calculation_method">$2.37 per 100g<span class="price__was"> | Was $9.50</span></span></section></div><div><div class="product__lists_cta_wrapper"><div data-testid="add-to-cart" class="sc-92165882-0 jEVjBd product__add_to_cart product__add_to_cart"><button data-testid="add-to-cart-button" aria-label="Add Glen 20 Disinfectant Spray Crisp Linen to the trolley" class="sc-89ccdc56-0 geKTLL product-tiles-btn coles-targeting-ButtonButton button"><span aria-hidden="false" class="sc-d0f9d37-0 cFnpaQ coles-targeting-ButtonButtonChildContainer"><svg focusable="false" xmlns="http://www.w3.org/2000/svg" width="24" height="24" viewBox="0 0 24 24"><g fill="none" fill-rule="evenodd"><path stroke="currentColor" stroke-linecap="round" stroke-linejoin="round" stroke-width="2" vector-effect="non-scaling-stroke" d="M8,22 C8.55228475,22 9,21.5522847 9,21 C9,20.4477153 8.55228475,20 8,20 C7.44771525,20 7,20.4477153 7,21 C7,21.5522847 7.44771525,22 8,22 Z M18,22 C18.5522847,22 19,21.5522847 19,21 C19,20.4477153 18.5522847,20 18,20 C17.4477153,20 17,20.4477153 17,21 C17,21.5522847 17.4477153,22 18,22 Z M2,3 L4.5,3 L6.68,14.39 C6.86873697,15.3402315 7.71138394,16.0185624 8.68,16 L17.4,16 C18.3686161,16.0185624 19.211263,15.3402315 19.4,14.39 L21,7 M13,12 L13,6 M10,9 L16,9"></path></g></svg>Add</span></button></div></div></div></div></section><section data-testid="product-tile" class="sc-219848b8-0 ictfiu"><div class="sc-219848b8-1 jiBIlJ coles-targeting-ProductTileHeaderWrapper"><header class="product__header"><div class="product__image_area"><a class="product__link product__image" aria-label="Glen 20 Lavender Air Freshener Spray | 300g" href="/product/glen-20-lavender-air-freshener-spray-300g-8159227"><span style="box-sizing:border-box;display:inline-block;overflow:hidden;width:initial;height:initial;background:none;opacity:1;border:0;margin:0;padding:0;position:relative;max-width:100%"><span style="box-sizing:border-box;display:block;width:initial;height:initial;background:none;opacity:1;border:0;margin:0;padding:0;max-width:100%"><img style="display:block;max-width:100%;width:initial;height:initial;background:none;opacity:1;border:0;margin:0;padding:0" alt="" aria-hidden="true" src="data:image/svg+xml,%3csvg%20xmlns=%27http://www.w3.org/2000/svg%27%20version=%271.1%27%20width=%27200%27%20height=%27200%27/%3e"/></span><img alt="Glen 20 Lavender Air Freshener Spray | 300g" data-testid="product-image" src="data:image/gif;base64,R0lGODlhAQABAIAAAAAAAP///yH5BAEAAAAALAAAAAABAAEAAAIBRAA7" decoding="async" data-nimg="intrinsic" style="position:absolute;top:0;left:0;bottom:0;right:0;box-sizing:border-box;padding:0;border:none;margin:auto;display:block;width:0;height:0;min-width:100%;max-width:100%;min-height:100%;max-height:100%"/><noscript><img alt="Glen 20 Lavender Air Freshener Spray | 300g" data-testid="product-image" srcSet="https://productimages.coles.com.au/productimages/8/8159227.jpg?w=200 1x, https://productimages.coles.com.au/productimages/8/8159227.jpg?w=200 2x" src="https://productimages.coles.com.au/productimages/8/8159227.jpg?w=200" decoding="async" data-nimg="intrinsic" style="position:absolute;top:0;left:0;bottom:0;right:0;box-sizing:border-box;padding:0;border:none;margin:auto;display:block;width:0;height:0;min-width:100%;max-width:100%;min-height:100%;max-height:100%" loading="lazy"/></noscript></span></a></div><div class="product__message-title_area"><a class="product__link" tabindex="-1" href="/product/glen-20-lavender-air-freshener-spray-300g-8159227"><h2 class="LinesEllipsis  product__title">Glen 20 Lavender Air Freshener Spray | 300g<wbr/></h2></a><span data-testid="simple-fixed-price-specials" class="sc-fe6dff31-0 kStxxR product__badge product__badge"><span class="roundel-text simple-fixed-price-specials">SPECIAL</span></span><div aria-hidden="true" class="product__pricing_area show-on-small-screen" data-testid="small-screen-pricing"><section class="sc-13943253-0 crixsy product__pricing product__pricing" data-testid="product_price"><div class="price"><span class="price__value" data-testid="product-pricing" aria-label="Price $7.10">$7.10</span><span data-testid="badge-wrapper" type="savings" class="sc-c74b40a4-0 ezeMjE badge is-small badge is-small"><section aria-label="" class="badge-label">Save $2.40</section></span></div><span class="price__calculation_method">$2.37 per 100g<span class="price__was"> | Was $9.50</span></span></section></div></div></header></div><div class="product__cta_section"><div aria-hidden="false" class="product__pricing_area hide-on-small-screen" data-testid="large-screen-pricing"><section class="sc-13943253-0 crixsy product__pricing product__pricing" data-testid="product_price"><div class="price"><span class="price__value" data-testid="product-pricing" aria-label="Price $7.10">$7.10</span><span data-testid="badge-wrapper" type="savings" class="sc-c74b40a4-0 ezeMjE badge is-small badge is-small"><section aria-label="" class="badge-label">Save $2.40</section></span></div><span class="price__calculation_method">$2.37 per 100g<span class="price__was"> | Was $9.50</span></span></section></div><div><div class="product__lists_cta_wrapper"><div data-testid="add-to-cart" class="sc-92165882-0 jEVjBd product__add_to_cart product__add_to_cart"><button data-testid="add-to-cart-button" aria-label="Add Glen 20 Lavender Air Freshener Spray to the trolley" class="sc-89ccdc56-0 geKTLL product-tiles-btn coles-targeting-ButtonButton button"><span aria-hidden="false" class="sc-d0f9d37-0 cFnpaQ coles-targeting-ButtonButtonChildContainer"><svg focusable="false" xmlns="http://www.w3.org/2000/svg" width="24" height="24" viewBox="0 0 24 24"><g fill="none" fill-rule="evenodd"><path stroke="currentColor" stroke-linecap="round" stroke-linejoin="round" stroke-width="2" vector-effect="non-scaling-stroke" d="M8,22 C8.55228475,22 9,21.5522847 9,21 C9,20.4477153 8.55228475,20 8,20 C7.44771525,20 7,20.4477153 7,21 C7,21.5522847 7.44771525,22 8,22 Z M18,22 C18.5522847,22 19,21.5522847 19,21 C19,20.4477153 18.5522847,20 18,20 C17.4477153,20 17,20.4477153 17,21 C17,21.5522847 17.4477153,22 18,22 Z M2,3 L4.5,3 L6.68,14.39 C6.86873697,15.3402315 7.71138394,16.0185624 8.68,16 L17.4,16 C18.3686161,16.0185624 19.211263,15.3402315 19.4,14.39 L21,7 M13,12 L13,6 M10,9 L16,9"></path></g></svg>Add</span></button></div></div></div></div></section><section data-testid="product-tile" class="sc-219848b8-0 ictfiu"><div class="sc-219848b8-1 jiBIlJ coles-targeting-ProductTileHeaderWrapper"><header class="product__header"><div class="product__image_area"><a class="product__link product__image" aria-label="Ambi Pur Air Effects Linen &amp; Sky Air Freshener | 275g" href="/product/ambi-pur-air-effects-linen-and-sky-air-freshener-275g-8162130"><span style="box-sizing:border-box;display:inline-block;overflow:hidden;width:initial;height:initial;background:none;opacity:1;border:0;margin:0;padding:0;position:relative;max-width:100%"><span style="box-sizing:border-box;display:block;width:initial;height:initial;background:none;opacity:1;border:0;margin:0;padding:0;max-width:100%"><img style="display:block;max-width:100%;width:initial;height:initial;background:none;opacity:1;border:0;margin:0;padding:0" alt="" aria-hidden="true" src="data:image/svg+xml,%3csvg%20xmlns=%27http://www.w3.org/2000/svg%27%20version=%271.1%27%20width=%27200%27%20height=%27200%27/%3e"/></span><img alt="Ambi Pur Air Effects Linen &amp; Sky Air Freshener | 275g" data-testid="product-image" src="data:image/gif;base64,R0lGODlhAQABAIAAAAAAAP///yH5BAEAAAAALAAAAAABAAEAAAIBRAA7" decoding="async" data-nimg="intrinsic" style="position:absolute;top:0;left:0;bottom:0;right:0;box-sizing:border-box;padding:0;border:none;margin:auto;display:block;width:0;height:0;min-width:100%;max-width:100%;min-height:100%;max-height:100%"/><noscript><img alt="Ambi Pur Air Effects Linen &amp; Sky Air Freshener | 275g" data-testid="product-image" srcSet="https://productimages.coles.com.au/productimages/8/8162130.jpg?w=200 1x, https://productimages.coles.com.au/productimages/8/8162130.jpg?w=200 2x" src="https://productimages.coles.com.au/productimages/8/8162130.jpg?w=200" decoding="async" data-nimg="intrinsic" style="position:absolute;top:0;left:0;bottom:0;right:0;box-sizing:border-box;padding:0;border:none;margin:auto;display:block;width:0;height:0;min-width:100%;max-width:100%;min-height:100%;max-height:100%" loading="lazy"/></noscript></span></a></div><div class="product__message-title_area"><a class="product__link" tabindex="-1" href="/product/ambi-pur-air-effects-linen-and-sky-air-freshener-275g-8162130"><h2 class="LinesEllipsis  product__title">Ambi Pur Air Effects Linen &amp; Sky Air Freshener | 275g<wbr/></h2></a><div aria-hidden="true" class="product__pricing_area show-on-small-screen" data-testid="small-screen-pricing"><section class="sc-13943253-0 crixsy product__pricing product__pricing" data-testid="product_price"><div class="price"><span class="price__value" data-testid="product-pricing" aria-label="Price $6.00">$6.00</span></div><span class="price__calculation_method">$2.18 per 100g</span></section></div></div></header></div><div class="product__cta_section"><div aria-hidden="false" class="product__pricing_area hide-on-small-screen" data-testid="large-screen-pricing"><section class="sc-13943253-0 crixsy product__pricing product__pricing" data-testid="product_price"><div class="price"><span class="price__value" data-testid="product-pricing" aria-label="Price $6.00">$6.00</span></div><span class="price__calculation_method">$2.18 per 100g</span></section></div><div><div class="product__lists_cta_wrapper"><div data-testid="add-to-cart" class="sc-92165882-0 jEVjBd product__add_to_cart product__add_to_cart"><button data-testid="add-to-cart-button" aria-label="Add Ambi Pur Air Effects Linen &amp; Sky Air Freshener to the trolley" class="sc-89ccdc56-0 geKTLL product-tiles-btn coles-targeting-ButtonButton button"><span aria-hidden="false" class="sc-d0f9d37-0 cFnpaQ coles-targeting-ButtonButtonChildContainer"><svg focusable="false" xmlns="http://www.w3.org/2000/svg" width="24" height="24" viewBox="0 0 24 24"><g fill="none" fill-rule="evenodd"><path stroke="currentColor" stroke-linecap="round" stroke-linejoin="round" stroke-width="2" vector-effect="non-scaling-stroke" d="M8,22 C8.55228475,22 9,21.5522847 9,21 C9,20.4477153 8.55228475,20 8,20 C7.44771525,20 7,20.4477153 7,21 C7,21.5522847 7.44771525,22 8,22 Z M18,22 C18.5522847,22 19,21.5522847 19,21 C19,20.4477153 18.5522847,20 18,20 C17.4477153,20 17,20.4477153 17,21 C17,21.5522847 17.4477153,22 18,22 Z M2,3 L4.5,3 L6.68,14.39 C6.86873697,15.3402315 7.71138394,16.0185624 8.68,16 L17.4,16 C18.3686161,16.0185624 19.211263,15.3402315 19.4,14.39 L21,7 M13,12 L13,6 M10,9 L16,9"></path></g></svg>Add</span></button></div></div></div></div></section><section data-testid="product-tile" class="sc-219848b8-0 ictfiu"><div class="sc-219848b8-1 jiBIlJ coles-targeting-ProductTileHeaderWrapper"><header class="product__header"><div class="product__image_area"><a class="product__link product__image" aria-label="Ambi Pur Mini Clip Thai Dragon Fruit Car Air Freshener | 2mL" href="/product/ambi-pur-mini-clip-thai-dragon-fruit-car-air-freshener-2ml-2709857"><span style="box-sizing:border-box;display:inline-block;overflow:hidden;width:initial;height:initial;background:none;opacity:1;border:0;margin:0;padding:0;position:relative;max-width:100%"><span style="box-sizing:border-box;display:block;width:initial;height:initial;background:none;opacity:1;border:0;margin:0;padding:0;max-width:100%"><img style="display:block;max-width:100%;width:initial;height:initial;background:none;opacity:1;border:0;margin:0;padding:0" alt="" aria-hidden="true" src="data:image/svg+xml,%3csvg%20xmlns=%27http://www.w3.org/2000/svg%27%20version=%271.1%27%20width=%27200%27%20height=%27200%27/%3e"/></span><img alt="Ambi Pur Mini Clip Thai Dragon Fruit Car Air Freshener | 2mL" data-testid="product-image" src="data:image/gif;base64,R0lGODlhAQABAIAAAAAAAP///yH5BAEAAAAALAAAAAABAAEAAAIBRAA7" decoding="async" data-nimg="intrinsic" style="position:absolute;top:0;left:0;bottom:0;right:0;box-sizing:border-box;padding:0;border:none;margin:auto;display:block;width:0;height:0;min-width:100%;max-width:100%;min-height:100%;max-height:100%"/><noscript><img alt="Ambi Pur Mini Clip Thai Dragon Fruit Car Air Freshener | 2mL" data-testid="product-image" srcSet="https://productimages.coles.com.au/productimages/2/2709857.jpg?w=200 1x, https://productimages.coles.com.au/productimages/2/2709857.jpg?w=200 2x" src="https://productimages.coles.com.au/productimages/2/2709857.jpg?w=200" decoding="async" data-nimg="intrinsic" style="position:absolute;top:0;left:0;bottom:0;right:0;box-sizing:border-box;padding:0;border:none;margin:auto;display:block;width:0;height:0;min-width:100%;max-width:100%;min-height:100%;max-height:100%" loading="lazy"/></noscript></span></a></div><div class="product__message-title_area"><a class="product__link" tabindex="-1" href="/product/ambi-pur-mini-clip-thai-dragon-fruit-car-air-freshener-2ml-2709857"><h2 class="LinesEllipsis  product__title">Ambi Pur Mini Clip Thai Dragon Fruit Car Air Freshener | 2mL<wbr/></h2></a><span data-testid="simple-fixed-price-specials" class="sc-fe6dff31-0 kStxxR product__badge product__badge"><span class="roundel-text simple-fixed-price-specials">SPECIAL</span></span><div aria-hidden="true" class="product__pricing_area show-on-small-screen" data-testid="small-screen-pricing"><section class="sc-13943253-0 crixsy product__pricing product__pricing" data-testid="product_price"><div class="price"><span class="price__value" data-testid="product-pricing" aria-label="Price $4.80">$4.80</span></div><span class="price__calculation_method">$24.00 per 10mL</span></section></div></div></header></div><div class="product__cta_section"><div aria-hidden="false" class="product__pricing_area hide-on-small-screen" data-testid="large-screen-pricing"><section class="sc-13943253-0 crixsy product__pricing product__pricing" data-testid="product_price"><div class="price"><span class="price__value" data-testid="product-pricing" aria-label="Price $4.80">$4.80</span></div><span class="price__calculation_method">$24.00 per 10mL</span></section></div><div><div class="product__lists_cta_wrapper"><div data-testid="add-to-cart" class="sc-92165882-0 jEVjBd product__add_to_cart product__add_to_cart"><button data-testid="add-to-cart-button" aria-label="Add Ambi Pur Mini Clip Thai Dragon Fruit Car Air Freshener to the trolley" class="sc-89ccdc56-0 geKTLL product-tiles-btn coles-targeting-ButtonButton button"><span aria-hidden="false" class="sc-d0f9d37-0 cFnpaQ coles-targeting-ButtonButtonChildContainer"><svg focusable="false" xmlns="http://www.w3.org/2000/svg" width="24" height="24" viewBox="0 0 24 24"><g fill="none" fill-rule="evenodd"><path stroke="currentColor" stroke-linecap="round" stroke-linejoin="round" stroke-width="2" vector-effect="non-scaling-stroke" d="M8,22 C8.55228475,22 9,21.5522847 9,21 C9,20.4477153 8.55228475,20 8,20 C7.44771525,20 7,20.4477153 7,21 C7,21.5522847 7.44771525,22 8,22 Z M18,22 C18.5522847,22 19,21.5522847 19,21 C19,20.4477153 18.5522847,20 18,20 C17.4477153,20 17,20.4477153 17,21 C17,21.5522847 17.4477153,22 18,22 Z M2,3 L4.5,3 L6.68,14.39 C6.86873697,15.3402315 7.71138394,16.0185624 8.68,16 L17.4,16 C18.3686161,16.0185624 19.211263,15.3402315 19.4,14.39 L21,7 M13,12 L13,6 M10,9 L16,9"></path></g></svg>Add</span></button></div></div></div></div></section><section data-testid="product-tile" class="sc-219848b8-0 ictfiu"><div class="sc-219848b8-1 jiBIlJ coles-targeting-ProductTileHeaderWrapper"><header class="product__header"><div class="product__image_area"><a class="product__link product__image" aria-label="Air Wick Carpet Fresh Country Vanilla | 500g" href="/product/air-wick-carpet-fresh-country-vanilla-500g-6120231"><span style="box-sizing:border-box;display:inline-block;overflow:hidden;width:initial;height:initial;background:none;opacity:1;border:0;margin:0;padding:0;position:relative;max-width:100%"><span style="box-sizing:border-box;display:block;width:initial;height:initial;background:none;opacity:1;border:0;margin:0;padding:0;max-width:100%"><img style="display:block;max-width:100%;width:initial;height:initial;background:none;opacity:1;border:0;margin:0;padding:0" alt="" aria-hidden="true" src="data:image/svg+xml,%3csvg%20xmlns=%27http://www.w3.org/2000/svg%27%20version=%271.1%27%20width=%27200%27%20height=%27200%27/%3e"/></span><img alt="Air Wick Carpet Fresh Country Vanilla | 500g" data-testid="product-image" src="data:image/gif;base64,R0lGODlhAQABAIAAAAAAAP///yH5BAEAAAAALAAAAAABAAEAAAIBRAA7" decoding="async" data-nimg="intrinsic" style="position:absolute;top:0;left:0;bottom:0;right:0;box-sizing:border-box;padding:0;border:none;margin:auto;display:block;width:0;height:0;min-width:100%;max-width:100%;min-height:100%;max-height:100%"/><noscript><img alt="Air Wick Carpet Fresh Country Vanilla | 500g" data-testid="product-image" srcSet="https://productimages.coles.com.au/productimages/6/6120231.jpg?w=200 1x, https://productimages.coles.com.au/productimages/6/6120231.jpg?w=200 2x" src="https://productimages.coles.com.au/productimages/6/6120231.jpg?w=200" decoding="async" data-nimg="intrinsic" style="position:absolute;top:0;left:0;bottom:0;right:0;box-sizing:border-box;padding:0;border:none;margin:auto;display:block;width:0;height:0;min-width:100%;max-width:100%;min-height:100%;max-height:100%" loading="lazy"/></noscript></span></a></div><div class="product__message-title_area"><a class="product__link" tabindex="-1" href="/product/air-wick-carpet-fresh-country-vanilla-500g-6120231"><h2 class="LinesEllipsis  product__title">Air Wick Carpet Fresh Country Vanilla | 500g<wbr/></h2></a><div aria-hidden="true" class="product__pricing_area show-on-small-screen" data-testid="small-screen-pricing"><section class="sc-13943253-0 crixsy product__pricing product__pricing" data-testid="product_price"><div class="price"><span class="price__value" data-testid="product-pricing" aria-label="Price $5.25">$5.25</span></div><span class="price__calculation_method">$1.05 per 100g</span></section></div></div></header></div><div class="product__cta_section"><div aria-hidden="false" class="product__pricing_area hide-on-small-screen" data-testid="large-screen-pricing"><section class="sc-13943253-0 crixsy product__pricing product__pricing" data-testid="product_price"><div class="price"><span class="price__value" data-testid="product-pricing" aria-label="Price $5.25">$5.25</span></div><span class="price__calculation_method">$1.05 per 100g</span></section></div><div><div class="product__lists_cta_wrapper"><div data-testid="add-to-cart" class="sc-92165882-0 jEVjBd product__add_to_cart product__add_to_cart"><button data-testid="add-to-cart-button" aria-label="Add Air Wick Carpet Fresh Country Vanilla to the trolley" class="sc-89ccdc56-0 geKTLL product-tiles-btn coles-targeting-ButtonButton button"><span aria-hidden="false" class="sc-d0f9d37-0 cFnpaQ coles-targeting-ButtonButtonChildContainer"><svg focusable="false" xmlns="http://www.w3.org/2000/svg" width="24" height="24" viewBox="0 0 24 24"><g fill="none" fill-rule="evenodd"><path stroke="currentColor" stroke-linecap="round" stroke-linejoin="round" stroke-width="2" vector-effect="non-scaling-stroke" d="M8,22 C8.55228475,22 9,21.5522847 9,21 C9,20.4477153 8.55228475,20 8,20 C7.44771525,20 7,20.4477153 7,21 C7,21.5522847 7.44771525,22 8,22 Z M18,22 C18.5522847,22 19,21.5522847 19,21 C19,20.4477153 18.5522847,20 18,20 C17.4477153,20 17,20.4477153 17,21 C17,21.5522847 17.4477153,22 18,22 Z M2,3 L4.5,3 L6.68,14.39 C6.86873697,15.3402315 7.71138394,16.0185624 8.68,16 L17.4,16 C18.3686161,16.0185624 19.211263,15.3402315 19.4,14.39 L21,7 M13,12 L13,6 M10,9 L16,9"></path></g></svg>Add</span></button></div></div></div></div></section><section data-testid="product-tile" class="sc-219848b8-0 ictfiu"><div class="sc-219848b8-1 jiBIlJ coles-targeting-ProductTileHeaderWrapper"><header class="product__header"><div class="product__image_area"><a class="product__link product__image" aria-label="Glen 20 Berry Breeze Disinfectant Spray | 300g" href="/product/glen-20-berry-breeze-disinfectant-spray-300g-3314800"><span style="box-sizing:border-box;display:inline-block;overflow:hidden;width:initial;height:initial;background:none;opacity:1;border:0;margin:0;padding:0;position:relative;max-width:100%"><span style="box-sizing:border-box;display:block;width:initial;height:initial;background:none;opacity:1;border:0;margin:0;padding:0;max-width:100%"><img style="display:block;max-width:100%;width:initial;height:initial;background:none;opacity:1;border:0;margin:0;padding:0" alt="" aria-hidden="true" src="data:image/svg+xml,%3csvg%20xmlns=%27http://www.w3.org/2000/svg%27%20version=%271.1%27%20width=%27200%27%20height=%27200%27/%3e"/></span><img alt="Glen 20 Berry Breeze Disinfectant Spray | 300g" data-testid="product-image" src="data:image/gif;base64,R0lGODlhAQABAIAAAAAAAP///yH5BAEAAAAALAAAAAABAAEAAAIBRAA7" decoding="async" data-nimg="intrinsic" style="position:absolute;top:0;left:0;bottom:0;right:0;box-sizing:border-box;padding:0;border:none;margin:auto;display:block;width:0;height:0;min-width:100%;max-width:100%;min-height:100%;max-height:100%"/><noscript><img alt="Glen 20 Berry Breeze Disinfectant Spray | 300g" data-testid="product-image" srcSet="https://productimages.coles.com.au/productimages/3/3314800.jpg?w=200 1x, https://productimages.coles.com.au/productimages/3/3314800.jpg?w=200 2x" src="https://productimages.coles.com.au/productimages/3/3314800.jpg?w=200" decoding="async" data-nimg="intrinsic" style="position:absolute;top:0;left:0;bottom:0;right:0;box-sizing:border-box;padding:0;border:none;margin:auto;display:block;width:0;height:0;min-width:100%;max-width:100%;min-height:100%;max-height:100%" loading="lazy"/></noscript></span></a></div><div class="product__message-title_area"><a class="product__link" tabindex="-1" href="/product/glen-20-berry-breeze-disinfectant-spray-300g-3314800"><h2 class="LinesEllipsis  product__title">Glen 20 Berry Breeze Disinfectant Spray | 300g<wbr/></h2></a><span data-testid="simple-fixed-price-specials" class="sc-fe6dff31-0 kStxxR product__badge product__badge"><span class="roundel-text simple-fixed-price-specials">SPECIAL</span></span><div aria-hidden="true" class="product__pricing_area show-on-small-screen" data-testid="small-screen-pricing"><section class="sc-13943253-0 crixsy product__pricing product__pricing" data-testid="product_price"><div class="price"><span class="price__value" data-testid="product-pricing" aria-label="Price $7.10">$7.10</span><span data-testid="badge-wrapper" type="savings" class="sc-c74b40a4-0 ezeMjE badge is-small badge is-small"><section aria-label="" class="badge-label">Save $2.40</section></span></div><span class="price__calculation_method">$2.37 per 100g<span class="price__was"> | Was $9.50</span></span></section></div></div></header></div><div class="product__cta_section"><div aria-hidden="false" class="product__pricing_area hide-on-small-screen" data-testid="large-screen-pricing"><section class="sc-13943253-0 crixsy product__pricing product__pricing" data-testid="product_price"><div class="price"><span class="price__value" data-testid="product-pricing" aria-label="Price $7.10">$7.10</span><span data-testid="badge-wrapper" type="savings" class="sc-c74b40a4-0 ezeMjE badge is-small badge is-small"><section aria-label="" class="badge-label">Save $2.40</section></span></div><span class="price__calculation_method">$2.37 per 100g<span class="price__was"> | Was $9.50</span></span></section></div><div><div class="product__lists_cta_wrapper"><div data-testid="add-to-cart" class="sc-92165882-0 jEVjBd product__add_to_cart product__add_to_cart"><button data-testid="add-to-cart-button" aria-label="Add Glen 20 Berry Breeze Disinfectant Spray to the trolley" class="sc-89ccdc56-0 geKTLL product-tiles-btn coles-targeting-ButtonButton button"><span aria-hidden="false" class="sc-d0f9d37-0 cFnpaQ coles-targeting-ButtonButtonChildContainer"><svg focusable="false" xmlns="http://www.w3.org/2000/svg" width="24" height="24" viewBox="0 0 24 24"><g fill="none" fill-rule="evenodd"><path stroke="currentColor" stroke-linecap="round" stroke-linejoin="round" stroke-width="2" vector-effect="non-scaling-stroke" d="M8,22 C8.55228475,22 9,21.5522847 9,21 C9,20.4477153 8.55228475,20 8,20 C7.44771525,20 7,20.4477153 7,21 C7,21.5522847 7.44771525,22 8,22 Z M18,22 C18.5522847,22 19,21.5522847 19,21 C19,20.4477153 18.5522847,20 18,20 C17.4477153,20 17,20.4477153 17,21 C17,21.5522847 17.4477153,22 18,22 Z M2,3 L4.5,3 L6.68,14.39 C6.86873697,15.3402315 7.71138394,16.0185624 8.68,16 L17.4,16 C18.3686161,16.0185624 19.211263,15.3402315 19.4,14.39 L21,7 M13,12 L13,6 M10,9 L16,9"></path></g></svg>Add</span></button></div></div></div></div></section><section data-testid="product-tile" class="sc-219848b8-0 ictfiu"><div class="sc-219848b8-1 jiBIlJ coles-targeting-ProductTileHeaderWrapper"><header class="product__header"><div class="product__image_area"><a class="product__link product__image" aria-label="Ambi Pur Air Effects Thai Dragon Fruit Air Freshener | 275g" href="/product/ambi-pur-air-effects-thai-dragon-fruit-air-freshener-275g-8689093"><span style="box-sizing:border-box;display:inline-block;overflow:hidden;width:initial;height:initial;background:none;opacity:1;border:0;margin:0;padding:0;position:relative;max-width:100%"><span style="box-sizing:border-box;display:block;width:initial;height:initial;background:none;opacity:1;border:0;margin:0;padding:0;max-width:100%"><img style="display:block;max-width:100%;width:initial;height:initial;background:none;opacity:1;border:0;margin:0;padding:0" alt="" aria-hidden="true" src="data:image/svg+xml,%3csvg%20xmlns=%27http://www.w3.org/2000/svg%27%20version=%271.1%27%20width=%27200%27%20height=%27200%27/%3e"/></span><img alt="Ambi Pur Air Effects Thai Dragon Fruit Air Freshener | 275g" data-testid="product-image" src="data:image/gif;base64,R0lGODlhAQABAIAAAAAAAP///yH5BAEAAAAALAAAAAABAAEAAAIBRAA7" decoding="async" data-nimg="intrinsic" style="position:absolute;top:0;left:0;bottom:0;right:0;box-sizing:border-box;padding:0;border:none;margin:auto;display:block;width:0;height:0;min-width:100%;max-width:100%;min-height:100%;max-height:100%"/><noscript><img alt="Ambi Pur Air Effects Thai Dragon Fruit Air Freshener | 275g" data-testid="product-image" srcSet="https://productimages.coles.com.au/productimages/8/8689093.jpg?w=200 1x, https://productimages.coles.com.au/productimages/8/8689093.jpg?w=200 2x" src="https://productimages.coles.com.au/productimages/8/8689093.jpg?w=200" decoding="async" data-nimg="intrinsic" style="position:absolute;top:0;left:0;bottom:0;right:0;box-sizing:border-box;padding:0;border:none;margin:auto;display:block;width:0;height:0;min-width:100%;max-width:100%;min-height:100%;max-height:100%" loading="lazy"/></noscript></span></a></div><div class="product__message-title_area"><a class="product__link" tabindex="-1" href="/product/ambi-pur-air-effects-thai-dragon-fruit-air-freshener-275g-8689093"><h2 class="LinesEllipsis  product__title">Ambi Pur Air Effects Thai Dragon Fruit Air Freshener | 275g<wbr/></h2></a><div aria-hidden="true" class="product__pricing_area show-on-small-screen" data-testid="small-screen-pricing"><section class="sc-13943253-0 crixsy product__pricing product__pricing" data-testid="product_price"><div class="price"><span class="price__value" data-testid="product-pricing" aria-label="Price $6.00">$6.00</span></div><span class="price__calculation_method">$2.18 per 100g</span></section></div></div></header></div><div class="product__cta_section"><div aria-hidden="false" class="product__pricing_area hide-on-small-screen" data-testid="large-screen-pricing"><section class="sc-13943253-0 crixsy product__pricing product__pricing" data-testid="product_price"><div class="price"><span class="price__value" data-testid="product-pricing" aria-label="Price $6.00">$6.00</span></div><span class="price__calculation_method">$2.18 per 100g</span></section></div><div><div class="product__lists_cta_wrapper"><div data-testid="add-to-cart" class="sc-92165882-0 jEVjBd product__add_to_cart product__add_to_cart"><button data-testid="add-to-cart-button" aria-label="Add Ambi Pur Air Effects Thai Dragon Fruit Air Freshener to the trolley" class="sc-89ccdc56-0 geKTLL product-tiles-btn coles-targeting-ButtonButton button"><span aria-hidden="false" class="sc-d0f9d37-0 cFnpaQ coles-targeting-ButtonButtonChildContainer"><svg focusable="false" xmlns="http://www.w3.org/2000/svg" width="24" height="24" viewBox="0 0 24 24"><g fill="none" fill-rule="evenodd"><path stroke="currentColor" stroke-linecap="round" stroke-linejoin="round" stroke-width="2" vector-effect="non-scaling-stroke" d="M8,22 C8.55228475,22 9,21.5522847 9,21 C9,20.4477153 8.55228475,20 8,20 C7.44771525,20 7,20.4477153 7,21 C7,21.5522847 7.44771525,22 8,22 Z M18,22 C18.5522847,22 19,21.5522847 19,21 C19,20.4477153 18.5522847,20 18,20 C17.4477153,20 17,20.4477153 17,21 C17,21.5522847 17.4477153,22 18,22 Z M2,3 L4.5,3 L6.68,14.39 C6.86873697,15.3402315 7.71138394,16.0185624 8.68,16 L17.4,16 C18.3686161,16.0185624 19.211263,15.3402315 19.4,14.39 L21,7 M13,12 L13,6 M10,9 L16,9"></path></g></svg>Add</span></button></div></div></div></div></section><section data-testid="product-tile" class="sc-219848b8-0 emkMhD"><div class="sc-219848b8-1 jiBIlJ coles-targeting-ProductTileHeaderWrapper"><header class="product__header"><div class="product__image_area"><a class="product__link product__image" aria-label="Glen 20 Gold 24H Protection Original | 300g" href="/product/glen-20-gold-24h-protection-original-300g-5097236"><span style="box-sizing:border-box;display:inline-block;overflow:hidden;width:initial;height:initial;background:none;opacity:1;border:0;margin:0;padding:0;position:relative;max-width:100%"><span style="box-sizing:border-box;display:block;width:initial;height:initial;background:none;opacity:1;border:0;margin:0;padding:0;max-width:100%"><img style="display:block;max-width:100%;width:initial;height:initial;background:none;opacity:1;border:0;margin:0;padding:0" alt="" aria-hidden="true" src="data:image/svg+xml,%3csvg%20xmlns=%27http://www.w3.org/2000/svg%27%20version=%271.1%27%20width=%27200%27%20height=%27200%27/%3e"/></span><img alt="Glen 20 Gold 24H Protection Original | 300g" data-testid="product-image" src="data:image/gif;base64,R0lGODlhAQABAIAAAAAAAP///yH5BAEAAAAALAAAAAABAAEAAAIBRAA7" decoding="async" data-nimg="intrinsic" style="position:absolute;top:0;left:0;bottom:0;right:0;box-sizing:border-box;padding:0;border:none;margin:auto;display:block;width:0;height:0;min-width:100%;max-width:100%;min-height:100%;max-height:100%"/><noscript><img alt="Glen 20 Gold 24H Protection Original | 300g" data-testid="product-image" srcSet="https://productimages.coles.com.au/productimages/5/5097236.jpg?w=200 1x, https://productimages.coles.com.au/productimages/5/5097236.jpg?w=200 2x" src="https://productimages.coles.com.au/productimages/5/5097236.jpg?w=200" decoding="async" data-nimg="intrinsic" style="position:absolute;top:0;left:0;bottom:0;right:0;box-sizing:border-box;padding:0;border:none;margin:auto;display:block;width:0;height:0;min-width:100%;max-width:100%;min-height:100%;max-height:100%" loading="lazy"/></noscript></span></a></div><div class="product__message-title_area"><a class="product__link" tabindex="-1" href="/product/glen-20-gold-24h-protection-original-300g-5097236"><h2 class="LinesEllipsis  product__title">Glen 20 Gold 24H Protection Original | 300g<wbr/></h2></a><span data-testid="complex-promotion-online-only" class="sc-fe6dff31-0 kStxxR product__badge product__badge"><span class="roundel-text complex-promotion-online-only">ONLINE ONLY</span></span><div aria-hidden="true" class="product__pricing_area show-on-small-screen" data-testid="small-screen-pricing"><section class="sc-13943253-0 crixsy product__pricing product__pricing" data-testid="product_price"><div class="price"><span class="price__value" data-testid="product-pricing" aria-label="Price $11.50">$11.50</span></div><span class="price__calculation_method">$3.83 per 100g</span></section></div></div></header></div><div class="product__cta_section"><div aria-hidden="false" class="product__pricing_area hide-on-small-screen" data-testid="large-screen-pricing"><section class="sc-13943253-0 crixsy product__pricing product__pricing" data-testid="product_price"><div class="price"><span class="price__value" data-testid="product-pricing" aria-label="Price $11.50">$11.50</span></div><span class="price__calculation_method">$3.83 per 100g</span></section></div><div><div class="product__lists_cta_wrapper"><div data-testid="add-to-cart" class="sc-92165882-0 jEVjBd product__add_to_cart product__add_to_cart"><button data-testid="add-to-cart-button" aria-label="Add Glen 20 Gold 24H Protection Original to the trolley" class="sc-89ccdc56-0 geKTLL product-tiles-btn coles-targeting-ButtonButton button"><span aria-hidden="false" class="sc-d0f9d37-0 cFnpaQ coles-targeting-ButtonButtonChildContainer"><svg focusable="false" xmlns="http://www.w3.org/2000/svg" width="24" height="24" viewBox="0 0 24 24"><g fill="none" fill-rule="evenodd"><path stroke="currentColor" stroke-linecap="round" stroke-linejoin="round" stroke-width="2" vector-effect="non-scaling-stroke" d="M8,22 C8.55228475,22 9,21.5522847 9,21 C9,20.4477153 8.55228475,20 8,20 C7.44771525,20 7,20.4477153 7,21 C7,21.5522847 7.44771525,22 8,22 Z M18,22 C18.5522847,22 19,21.5522847 19,21 C19,20.4477153 18.5522847,20 18,20 C17.4477153,20 17,20.4477153 17,21 C17,21.5522847 17.4477153,22 18,22 Z M2,3 L4.5,3 L6.68,14.39 C6.86873697,15.3402315 7.71138394,16.0185624 8.68,16 L17.4,16 C18.3686161,16.0185624 19.211263,15.3402315 19.4,14.39 L21,7 M13,12 L13,6 M10,9 L16,9"></path></g></svg>Add</span></button></div></div></div></div></section><section data-testid="product-tile" class="sc-219848b8-0 emkMhD"><div class="sc-219848b8-1 jiBIlJ coles-targeting-ProductTileHeaderWrapper"><header class="product__header"><div class="product__image_area"><a class="product__link product__image" aria-label="Glen 20 Gold 24H Protection Citrus | 300g" href="/product/glen-20-gold-24h-protection-citrus-300g-5101650"><span style="box-sizing:border-box;display:inline-block;overflow:hidden;width:initial;height:initial;background:none;opacity:1;border:0;margin:0;padding:0;position:relative;max-width:100%"><span style="box-sizing:border-box;display:block;width:initial;height:initial;background:none;opacity:1;border:0;margin:0;padding:0;max-width:100%"><img style="display:block;max-width:100%;width:initial;height:initial;background:none;opacity:1;border:0;margin:0;padding:0" alt="" aria-hidden="true" src="data:image/svg+xml,%3csvg%20xmlns=%27http://www.w3.org/2000/svg%27%20version=%271.1%27%20width=%27200%27%20height=%27200%27/%3e"/></span><img alt="Glen 20 Gold 24H Protection Citrus | 300g" data-testid="product-image" src="data:image/gif;base64,R0lGODlhAQABAIAAAAAAAP///yH5BAEAAAAALAAAAAABAAEAAAIBRAA7" decoding="async" data-nimg="intrinsic" style="position:absolute;top:0;left:0;bottom:0;right:0;box-sizing:border-box;padding:0;border:none;margin:auto;display:block;width:0;height:0;min-width:100%;max-width:100%;min-height:100%;max-height:100%"/><noscript><img alt="Glen 20 Gold 24H Protection Citrus | 300g" data-testid="product-image" srcSet="https://productimages.coles.com.au/productimages/5/5101650.jpg?w=200 1x, https://productimages.coles.com.au/productimages/5/5101650.jpg?w=200 2x" src="https://productimages.coles.com.au/productimages/5/5101650.jpg?w=200" decoding="async" data-nimg="intrinsic" style="position:absolute;top:0;left:0;bottom:0;right:0;box-sizing:border-box;padding:0;border:none;margin:auto;display:block;width:0;height:0;min-width:100%;max-width:100%;min-height:100%;max-height:100%" loading="lazy"/></noscript></span></a></div><div class="product__message-title_area"><a class="product__link" tabindex="-1" href="/product/glen-20-gold-24h-protection-citrus-300g-5101650"><h2 class="LinesEllipsis  product__title">Glen 20 Gold 24H Protection Citrus | 300g<wbr/></h2></a><span data-testid="complex-promotion-online-only" class="sc-fe6dff31-0 kStxxR product__badge product__badge"><span class="roundel-text complex-promotion-online-only">ONLINE ONLY</span></span><div aria-hidden="true" class="product__pricing_area show-on-small-screen" data-testid="small-screen-pricing"><section class="sc-13943253-0 crixsy product__pricing product__pricing" data-testid="product_price"><div class="price"><span class="price__value" data-testid="product-pricing" aria-label="Price $11.50">$11.50</span></div><span class="price__calculation_method">$3.83 per 100g</span></section></div></div></header></div><div class="product__cta_section"><div aria-hidden="false" class="product__pricing_area hide-on-small-screen" data-testid="large-screen-pricing"><section class="sc-13943253-0 crixsy product__pricing product__pricing" data-testid="product_price"><div class="price"><span class="price__value" data-testid="product-pricing" aria-label="Price $11.50">$11.50</span></div><span class="price__calculation_method">$3.83 per 100g</span></section></div><div><div class="product__lists_cta_wrapper"><div data-testid="add-to-cart" class="sc-92165882-0 jEVjBd product__add_to_cart product__add_to_cart"><button data-testid="add-to-cart-button" aria-label="Add Glen 20 Gold 24H Protection Citrus to the trolley" class="sc-89ccdc56-0 geKTLL product-tiles-btn coles-targeting-ButtonButton button"><span aria-hidden="false" class="sc-d0f9d37-0 cFnpaQ coles-targeting-ButtonButtonChildContainer"><svg focusable="false" xmlns="http://www.w3.org/2000/svg" width="24" height="24" viewBox="0 0 24 24"><g fill="none" fill-rule="evenodd"><path stroke="currentColor" stroke-linecap="round" stroke-linejoin="round" stroke-width="2" vector-effect="non-scaling-stroke" d="M8,22 C8.55228475,22 9,21.5522847 9,21 C9,20.4477153 8.55228475,20 8,20 C7.44771525,20 7,20.4477153 7,21 C7,21.5522847 7.44771525,22 8,22 Z M18,22 C18.5522847,22 19,21.5522847 19,21 C19,20.4477153 18.5522847,20 18,20 C17.4477153,20 17,20.4477153 17,21 C17,21.5522847 17.4477153,22 18,22 Z M2,3 L4.5,3 L6.68,14.39 C6.86873697,15.3402315 7.71138394,16.0185624 8.68,16 L17.4,16 C18.3686161,16.0185624 19.211263,15.3402315 19.4,14.39 L21,7 M13,12 L13,6 M10,9 L16,9"></path></g></svg>Add</span></button></div></div></div></div></section><section data-testid="product-tile" class="sc-219848b8-0 ictfiu"><div class="sc-219848b8-1 jiBIlJ coles-targeting-ProductTileHeaderWrapper"><header class="product__header"><div class="product__image_area"><a class="product__link product__image" aria-label="Organic Choice Lemongrass &amp; Cedarwood Air Freshener | 200mL" href="/product/organic-choice-lemongrass-and-cedarwood-air-freshener-200ml-2357614"><span style="box-sizing:border-box;display:inline-block;overflow:hidden;width:initial;height:initial;background:none;opacity:1;border:0;margin:0;padding:0;position:relative;max-width:100%"><span style="box-sizing:border-box;display:block;width:initial;height:initial;background:none;opacity:1;border:0;margin:0;padding:0;max-width:100%"><img style="display:block;max-width:100%;width:initial;height:initial;background:none;opacity:1;border:0;margin:0;padding:0" alt="" aria-hidden="true" src="data:image/svg+xml,%3csvg%20xmlns=%27http://www.w3.org/2000/svg%27%20version=%271.1%27%20width=%27200%27%20height=%27200%27/%3e"/></span><img alt="Organic Choice Lemongrass &amp; Cedarwood Air Freshener | 200mL" data-testid="product-image" src="data:image/gif;base64,R0lGODlhAQABAIAAAAAAAP///yH5BAEAAAAALAAAAAABAAEAAAIBRAA7" decoding="async" data-nimg="intrinsic" style="position:absolute;top:0;left:0;bottom:0;right:0;box-sizing:border-box;padding:0;border:none;margin:auto;display:block;width:0;height:0;min-width:100%;max-width:100%;min-height:100%;max-height:100%"/><noscript><img alt="Organic Choice Lemongrass &amp; Cedarwood Air Freshener | 200mL" data-testid="product-image" srcSet="https://productimages.coles.com.au/productimages/2/2357614.jpg?w=200 1x, https://productimages.coles.com.au/productimages/2/2357614.jpg?w=200 2x" src="https://productimages.coles.com.au/productimages/2/2357614.jpg?w=200" decoding="async" data-nimg="intrinsic" style="position:absolute;top:0;left:0;bottom:0;right:0;box-sizing:border-box;padding:0;border:none;margin:auto;display:block;width:0;height:0;min-width:100%;max-width:100%;min-height:100%;max-height:100%" loading="lazy"/></noscript></span></a></div><div class="product__message-title_area"><a class="product__link" tabindex="-1" href="/product/organic-choice-lemongrass-and-cedarwood-air-freshener-200ml-2357614"><h2 class="LinesEllipsis  product__title">Organic Choice Lemongrass &amp; Cedarwood Air Freshener | 200mL<wbr/></h2></a><div aria-hidden="true" class="product__pricing_area show-on-small-screen" data-testid="small-screen-pricing"><section class="sc-13943253-0 crixsy product__pricing product__pricing" data-testid="product_price"><div class="price"><span class="price__value" data-testid="product-pricing" aria-label="Price $5.35">$5.35</span></div><span class="price__calculation_method">$0.27 per 10mL</span></section></div></div></header></div><div class="product__cta_section"><div aria-hidden="false" class="product__pricing_area hide-on-small-screen" data-testid="large-screen-pricing"><section class="sc-13943253-0 crixsy product__pricing product__pricing" data-testid="product_price"><div class="price"><span class="price__value" data-testid="product-pricing" aria-label="Price $5.35">$5.35</span></div><span class="price__calculation_method">$0.27 per 10mL</span></section></div><div><div class="product__lists_cta_wrapper"><div data-testid="add-to-cart" class="sc-92165882-0 jEVjBd product__add_to_cart product__add_to_cart"><button data-testid="add-to-cart-button" aria-label="Add Organic Choice Lemongrass &amp; Cedarwood Air Freshener to the trolley" class="sc-89ccdc56-0 geKTLL product-tiles-btn coles-targeting-ButtonButton button"><span aria-hidden="false" class="sc-d0f9d37-0 cFnpaQ coles-targeting-ButtonButtonChildContainer"><svg focusable="false" xmlns="http://www.w3.org/2000/svg" width="24" height="24" viewBox="0 0 24 24"><g fill="none" fill-rule="evenodd"><path stroke="currentColor" stroke-linecap="round" stroke-linejoin="round" stroke-width="2" vector-effect="non-scaling-stroke" d="M8,22 C8.55228475,22 9,21.5522847 9,21 C9,20.4477153 8.55228475,20 8,20 C7.44771525,20 7,20.4477153 7,21 C7,21.5522847 7.44771525,22 8,22 Z M18,22 C18.5522847,22 19,21.5522847 19,21 C19,20.4477153 18.5522847,20 18,20 C17.4477153,20 17,20.4477153 17,21 C17,21.5522847 17.4477153,22 18,22 Z M2,3 L4.5,3 L6.68,14.39 C6.86873697,15.3402315 7.71138394,16.0185624 8.68,16 L17.4,16 C18.3686161,16.0185624 19.211263,15.3402315 19.4,14.39 L21,7 M13,12 L13,6 M10,9 L16,9"></path></g></svg>Add</span></button></div></div></div></div></section><section data-testid="product-tile" class="sc-219848b8-0 ictfiu"><div class="sc-219848b8-1 jiBIlJ coles-targeting-ProductTileHeaderWrapper"><header class="product__header"><div class="product__image_area"><a class="product__link product__image" aria-label="Glen 20 Disinfectant Citrus Breeze Spray | 300g" href="/product/glen-20-disinfectant-citrus-breeze-spray-300g-7106054"><span style="box-sizing:border-box;display:inline-block;overflow:hidden;width:initial;height:initial;background:none;opacity:1;border:0;margin:0;padding:0;position:relative;max-width:100%"><span style="box-sizing:border-box;display:block;width:initial;height:initial;background:none;opacity:1;border:0;margin:0;padding:0;max-width:100%"><img style="display:block;max-width:100%;width:initial;height:initial;background:none;opacity:1;border:0;margin:0;padding:0" alt="" aria-hidden="true" src="data:image/svg+xml,%3csvg%20xmlns=%27http://www.w3.org/2000/svg%27%20version=%271.1%27%20width=%27200%27%20height=%27200%27/%3e"/></span><img alt="Glen 20 Disinfectant Citrus Breeze Spray | 300g" data-testid="product-image" src="data:image/gif;base64,R0lGODlhAQABAIAAAAAAAP///yH5BAEAAAAALAAAAAABAAEAAAIBRAA7" decoding="async" data-nimg="intrinsic" style="position:absolute;top:0;left:0;bottom:0;right:0;box-sizing:border-box;padding:0;border:none;margin:auto;display:block;width:0;height:0;min-width:100%;max-width:100%;min-height:100%;max-height:100%"/><noscript><img alt="Glen 20 Disinfectant Citrus Breeze Spray | 300g" data-testid="product-image" srcSet="https://productimages.coles.com.au/productimages/7/7106054.jpg?w=200 1x, https://productimages.coles.com.au/productimages/7/7106054.jpg?w=200 2x" src="https://productimages.coles.com.au/productimages/7/7106054.jpg?w=200" decoding="async" data-nimg="intrinsic" style="position:absolute;top:0;left:0;bottom:0;right:0;box-sizing:border-box;padding:0;border:none;margin:auto;display:block;width:0;height:0;min-width:100%;max-width:100%;min-height:100%;max-height:100%" loading="lazy"/></noscript></span></a></div><div class="product__message-title_area"><a class="product__link" tabindex="-1" href="/product/glen-20-disinfectant-citrus-breeze-spray-300g-7106054"><h2 class="LinesEllipsis  product__title">Glen 20 Disinfectant Citrus Breeze Spray | 300g<wbr/></h2></a><span data-testid="simple-fixed-price-specials" class="sc-fe6dff31-0 kStxxR product__badge product__badge"><span class="roundel-text simple-fixed-price-specials">SPECIAL</span></span><div aria-hidden="true" class="product__pricing_area show-on-small-screen" data-testid="small-screen-pricing"><section class="sc-13943253-0 crixsy product__pricing product__pricing" data-testid="product_price"><div class="price"><span class="price__value" data-testid="product-pricing" aria-label="Price $7.10">$7.10</span><span data-testid="badge-wrapper" type="savings" class="sc-c74b40a4-0 ezeMjE badge is-small badge is-small"><section aria-label="" class="badge-label">Save $2.40</section></span></div><span class="price__calculation_method">$2.37 per 100g<span class="price__was"> | Was $9.50</span></span></section></div></div></header></div><div class="product__cta_section"><div aria-hidden="false" class="product__pricing_area hide-on-small-screen" data-testid="large-screen-pricing"><section class="sc-13943253-0 crixsy product__pricing product__pricing" data-testid="product_price"><div class="price"><span class="price__value" data-testid="product-pricing" aria-label="Price $7.10">$7.10</span><span data-testid="badge-wrapper" type="savings" class="sc-c74b40a4-0 ezeMjE badge is-small badge is-small"><section aria-label="" class="badge-label">Save $2.40</section></span></div><span class="price__calculation_method">$2.37 per 100g<span class="price__was"> | Was $9.50</span></span></section></div><div><div class="product__lists_cta_wrapper"><div data-testid="add-to-cart" class="sc-92165882-0 jEVjBd product__add_to_cart product__add_to_cart"><button data-testid="add-to-cart-button" aria-label="Add Glen 20 Disinfectant Citrus Breeze Spray to the trolley" class="sc-89ccdc56-0 geKTLL product-tiles-btn coles-targeting-ButtonButton button"><span aria-hidden="false" class="sc-d0f9d37-0 cFnpaQ coles-targeting-ButtonButtonChildContainer"><svg focusable="false" xmlns="http://www.w3.org/2000/svg" width="24" height="24" viewBox="0 0 24 24"><g fill="none" fill-rule="evenodd"><path stroke="currentColor" stroke-linecap="round" stroke-linejoin="round" stroke-width="2" vector-effect="non-scaling-stroke" d="M8,22 C8.55228475,22 9,21.5522847 9,21 C9,20.4477153 8.55228475,20 8,20 C7.44771525,20 7,20.4477153 7,21 C7,21.5522847 7.44771525,22 8,22 Z M18,22 C18.5522847,22 19,21.5522847 19,21 C19,20.4477153 18.5522847,20 18,20 C17.4477153,20 17,20.4477153 17,21 C17,21.5522847 17.4477153,22 18,22 Z M2,3 L4.5,3 L6.68,14.39 C6.86873697,15.3402315 7.71138394,16.0185624 8.68,16 L17.4,16 C18.3686161,16.0185624 19.211263,15.3402315 19.4,14.39 L21,7 M13,12 L13,6 M10,9 L16,9"></path></g></svg>Add</span></button></div></div></div></div></section><section data-testid="product-tile" class="sc-219848b8-0 emkMhD"><div class="sc-219848b8-1 jiBIlJ coles-targeting-ProductTileHeaderWrapper"><header class="product__header"><div class="product__image_area"><a class="product__link product__image" aria-label="Air Wick Pure Freshmatic Cherry Blossom Refill Pack | 157g" href="/product/air-wick-pure-freshmatic-cherry-blossom-refill-pack-157g-3059407"><span style="box-sizing:border-box;display:inline-block;overflow:hidden;width:initial;height:initial;background:none;opacity:1;border:0;margin:0;padding:0;position:relative;max-width:100%"><span style="box-sizing:border-box;display:block;width:initial;height:initial;background:none;opacity:1;border:0;margin:0;padding:0;max-width:100%"><img style="display:block;max-width:100%;width:initial;height:initial;background:none;opacity:1;border:0;margin:0;padding:0" alt="" aria-hidden="true" src="data:image/svg+xml,%3csvg%20xmlns=%27http://www.w3.org/2000/svg%27%20version=%271.1%27%20width=%27200%27%20height=%27200%27/%3e"/></span><img alt="Air Wick Pure Freshmatic Cherry Blossom Refill Pack | 157g" data-testid="product-image" src="data:image/gif;base64,R0lGODlhAQABAIAAAAAAAP///yH5BAEAAAAALAAAAAABAAEAAAIBRAA7" decoding="async" data-nimg="intrinsic" style="position:absolute;top:0;left:0;bottom:0;right:0;box-sizing:border-box;padding:0;border:none;margin:auto;display:block;width:0;height:0;min-width:100%;max-width:100%;min-height:100%;max-height:100%"/><noscript><img alt="Air Wick Pure Freshmatic Cherry Blossom Refill Pack | 157g" data-testid="product-image" srcSet="https://productimages.coles.com.au/productimages/3/3059407.jpg?w=200 1x, https://productimages.coles.com.au/productimages/3/3059407.jpg?w=200 2x" src="https://productimages.coles.com.au/productimages/3/3059407.jpg?w=200" decoding="async" data-nimg="intrinsic" style="position:absolute;top:0;left:0;bottom:0;right:0;box-sizing:border-box;padding:0;border:none;margin:auto;display:block;width:0;height:0;min-width:100%;max-width:100%;min-height:100%;max-height:100%" loading="lazy"/></noscript></span></a></div><div class="product__message-title_area"><a class="product__link" tabindex="-1" href="/product/air-wick-pure-freshmatic-cherry-blossom-refill-pack-157g-3059407"><h2 class="LinesEllipsis  product__title">Air Wick Pure Freshmatic Cherry Blossom Refill Pack | 157g<wbr/></h2></a><div aria-hidden="true" class="product__pricing_area show-on-small-screen" data-testid="small-screen-pricing"><section class="sc-13943253-0 crixsy product__pricing product__pricing" data-testid="product_price"><div class="price"><span class="price__value" data-testid="product-pricing" aria-label="Price $11.00">$11.00</span></div><span class="price__calculation_method">$7.01 per 100g</span></section></div></div></header></div><div class="product__cta_section"><div aria-hidden="false" class="product__pricing_area hide-on-small-screen" data-testid="large-screen-pricing"><section class="sc-13943253-0 crixsy product__pricing product__pricing" data-testid="product_price"><div class="price"><span class="price__value" data-testid="product-pricing" aria-label="Price $11.00">$11.00</span></div><span class="price__calculation_method">$7.01 per 100g</span></section></div><div><div class="product__lists_cta_wrapper"><div data-testid="add-to-cart" class="sc-92165882-0 jEVjBd product__add_to_cart product__add_to_cart"><button data-testid="add-to-cart-button" aria-label="Add Air Wick Pure Freshmatic Cherry Blossom Refill Pack to the trolley" class="sc-89ccdc56-0 geKTLL product-tiles-btn coles-targeting-ButtonButton button"><span aria-hidden="false" class="sc-d0f9d37-0 cFnpaQ coles-targeting-ButtonButtonChildContainer"><svg focusable="false" xmlns="http://www.w3.org/2000/svg" width="24" height="24" viewBox="0 0 24 24"><g fill="none" fill-rule="evenodd"><path stroke="currentColor" stroke-linecap="round" stroke-linejoin="round" stroke-width="2" vector-effect="non-scaling-stroke" d="M8,22 C8.55228475,22 9,21.5522847 9,21 C9,20.4477153 8.55228475,20 8,20 C7.44771525,20 7,20.4477153 7,21 C7,21.5522847 7.44771525,22 8,22 Z M18,22 C18.5522847,22 19,21.5522847 19,21 C19,20.4477153 18.5522847,20 18,20 C17.4477153,20 17,20.4477153 17,21 C17,21.5522847 17.4477153,22 18,22 Z M2,3 L4.5,3 L6.68,14.39 C6.86873697,15.3402315 7.71138394,16.0185624 8.68,16 L17.4,16 C18.3686161,16.0185624 19.211263,15.3402315 19.4,14.39 L21,7 M13,12 L13,6 M10,9 L16,9"></path></g></svg>Add</span></button></div></div></div></div></section><section data-testid="product-tile" class="sc-219848b8-0 emkMhD"><div class="sc-219848b8-1 jiBIlJ coles-targeting-ProductTileHeaderWrapper"><header class="product__header"><div class="product__image_area"><a class="product__link product__image" aria-label="Glen 20 Pure Air Freshener Morning Breeze | 283g" href="/product/glen-20-pure-air-freshener-morning-breeze-283g-3742064"><span style="box-sizing:border-box;display:inline-block;overflow:hidden;width:initial;height:initial;background:none;opacity:1;border:0;margin:0;padding:0;position:relative;max-width:100%"><span style="box-sizing:border-box;display:block;width:initial;height:initial;background:none;opacity:1;border:0;margin:0;padding:0;max-width:100%"><img style="display:block;max-width:100%;width:initial;height:initial;background:none;opacity:1;border:0;margin:0;padding:0" alt="" aria-hidden="true" src="data:image/svg+xml,%3csvg%20xmlns=%27http://www.w3.org/2000/svg%27%20version=%271.1%27%20width=%27200%27%20height=%27200%27/%3e"/></span><img alt="Glen 20 Pure Air Freshener Morning Breeze | 283g" data-testid="product-image" src="data:image/gif;base64,R0lGODlhAQABAIAAAAAAAP///yH5BAEAAAAALAAAAAABAAEAAAIBRAA7" decoding="async" data-nimg="intrinsic" style="position:absolute;top:0;left:0;bottom:0;right:0;box-sizing:border-box;padding:0;border:none;margin:auto;display:block;width:0;height:0;min-width:100%;max-width:100%;min-height:100%;max-height:100%"/><noscript><img alt="Glen 20 Pure Air Freshener Morning Breeze | 283g" data-testid="product-image" srcSet="https://productimages.coles.com.au/productimages/3/3742064.jpg?w=200 1x, https://productimages.coles.com.au/productimages/3/3742064.jpg?w=200 2x" src="https://productimages.coles.com.au/productimages/3/3742064.jpg?w=200" decoding="async" data-nimg="intrinsic" style="position:absolute;top:0;left:0;bottom:0;right:0;box-sizing:border-box;padding:0;border:none;margin:auto;display:block;width:0;height:0;min-width:100%;max-width:100%;min-height:100%;max-height:100%" loading="lazy"/></noscript></span></a></div><div class="product__message-title_area"><a class="product__link" tabindex="-1" href="/product/glen-20-pure-air-freshener-morning-breeze-283g-3742064"><h2 class="LinesEllipsis  product__title">Glen 20 Pure Air Freshener Morning Breeze | 283g<wbr/></h2></a><span data-testid="complex-promotion-online-only" class="sc-fe6dff31-0 kStxxR product__badge product__badge"><span class="roundel-text complex-promotion-online-only">ONLINE ONLY</span></span><div aria-hidden="true" class="product__pricing_area show-on-small-screen" data-testid="small-screen-pricing"><section class="sc-13943253-0 crixsy product__pricing product__pricing" data-testid="product_price"><div class="price"><span class="price__value" data-testid="product-pricing" aria-label="Price $11.50">$11.50</span></div><span class="price__calculation_method">$4.06 per 100g</span></section></div></div></header></div><div class="product__cta_section"><div aria-hidden="false" class="product__pricing_area hide-on-small-screen" data-testid="large-screen-pricing"><section class="sc-13943253-0 crixsy product__pricing product__pricing" data-testid="product_price"><div class="price"><span class="price__value" data-testid="product-pricing" aria-label="Price $11.50">$11.50</span></div><span class="price__calculation_method">$4.06 per 100g</span></section></div><div><div class="product__lists_cta_wrapper"><div data-testid="add-to-cart" class="sc-92165882-0 jEVjBd product__add_to_cart product__add_to_cart"><button data-testid="add-to-cart-button" aria-label="Add Glen 20 Pure Air Freshener Morning Breeze to the trolley" class="sc-89ccdc56-0 geKTLL product-tiles-btn coles-targeting-ButtonButton button"><span aria-hidden="false" class="sc-d0f9d37-0 cFnpaQ coles-targeting-ButtonButtonChildContainer"><svg focusable="false" xmlns="http://www.w3.org/2000/svg" width="24" height="24" viewBox="0 0 24 24"><g fill="none" fill-rule="evenodd"><path stroke="currentColor" stroke-linecap="round" stroke-linejoin="round" stroke-width="2" vector-effect="non-scaling-stroke" d="M8,22 C8.55228475,22 9,21.5522847 9,21 C9,20.4477153 8.55228475,20 8,20 C7.44771525,20 7,20.4477153 7,21 C7,21.5522847 7.44771525,22 8,22 Z M18,22 C18.5522847,22 19,21.5522847 19,21 C19,20.4477153 18.5522847,20 18,20 C17.4477153,20 17,20.4477153 17,21 C17,21.5522847 17.4477153,22 18,22 Z M2,3 L4.5,3 L6.68,14.39 C6.86873697,15.3402315 7.71138394,16.0185624 8.68,16 L17.4,16 C18.3686161,16.0185624 19.211263,15.3402315 19.4,14.39 L21,7 M13,12 L13,6 M10,9 L16,9"></path></g></svg>Add</span></button></div></div></div></div></section><section data-testid="product-tile" class="sc-219848b8-0 ictfiu"><div class="sc-219848b8-1 jiBIlJ coles-targeting-ProductTileHeaderWrapper"><header class="product__header"><div class="product__image_area"><a class="product__link product__image" aria-label="Air Wick Pure Cherry Blossom Fragrance Infused With Essential Oil 19mL | 1 pack" href="/product/air-wick-pure-cherry-blossom-fragrance-infused-with-essential-oil-19ml-1-pack-3411056"><span style="box-sizing:border-box;display:inline-block;overflow:hidden;width:initial;height:initial;background:none;opacity:1;border:0;margin:0;padding:0;position:relative;max-width:100%"><span style="box-sizing:border-box;display:block;width:initial;height:initial;background:none;opacity:1;border:0;margin:0;padding:0;max-width:100%"><img style="display:block;max-width:100%;width:initial;height:initial;background:none;opacity:1;border:0;margin:0;padding:0" alt="" aria-hidden="true" src="data:image/svg+xml,%3csvg%20xmlns=%27http://www.w3.org/2000/svg%27%20version=%271.1%27%20width=%27200%27%20height=%27200%27/%3e"/></span><img alt="Air Wick Pure Cherry Blossom Fragrance Infused With Essential Oil 19mL | 1 pack" data-testid="product-image" src="data:image/gif;base64,R0lGODlhAQABAIAAAAAAAP///yH5BAEAAAAALAAAAAABAAEAAAIBRAA7" decoding="async" data-nimg="intrinsic" style="position:absolute;top:0;left:0;bottom:0;right:0;box-sizing:border-box;padding:0;border:none;margin:auto;display:block;width:0;height:0;min-width:100%;max-width:100%;min-height:100%;max-height:100%"/><noscript><img alt="Air Wick Pure Cherry Blossom Fragrance Infused With Essential Oil 19mL | 1 pack" data-testid="product-image" srcSet="https://productimages.coles.com.au/productimages/3/3411056.jpg?w=200 1x, https://productimages.coles.com.au/productimages/3/3411056.jpg?w=200 2x" src="https://productimages.coles.com.au/productimages/3/3411056.jpg?w=200" decoding="async" data-nimg="intrinsic" style="position:absolute;top:0;left:0;bottom:0;right:0;box-sizing:border-box;padding:0;border:none;margin:auto;display:block;width:0;height:0;min-width:100%;max-width:100%;min-height:100%;max-height:100%" loading="lazy"/></noscript></span></a></div><div class="product__message-title_area"><a class="product__link" tabindex="-1" href="/product/air-wick-pure-cherry-blossom-fragrance-infused-with-essential-oil-19ml-1-pack-3411056"><h2 class="LinesEllipsis  product__title">Air Wick Pure Cherry Blossom Fragrance Infused With Essential Oil 19mL | 1 pack<wbr/></h2></a><div aria-hidden="true" class="product__pricing_area show-on-small-screen" data-testid="small-screen-pricing"><section class="sc-13943253-0 crixsy product__pricing product__pricing" data-testid="product_price"><div class="price"><span class="price__value" data-testid="product-pricing" aria-label="Price $14.00">$14.00</span></div><span class="price__calculation_method">$14.00 per 1ea</span></section></div></div></header></div><div class="product__cta_section"><div aria-hidden="false" class="product__pricing_area hide-on-small-screen" data-testid="large-screen-pricing"><section class="sc-13943253-0 crixsy product__pricing product__pricing" data-testid="product_price"><div class="price"><span class="price__value" data-testid="product-pricing" aria-label="Price $14.00">$14.00</span></div><span class="price__calculation_method">$14.00 per 1ea</span></section></div><div><div class="product__lists_cta_wrapper"><div data-testid="add-to-cart" class="sc-92165882-0 jEVjBd product__add_to_cart product__add_to_cart"><button data-testid="add-to-cart-button" aria-label="Add Air Wick Pure Cherry Blossom Fragrance Infused With Essential Oil 19mL to the trolley" class="sc-89ccdc56-0 geKTLL product-tiles-btn coles-targeting-ButtonButton button"><span aria-hidden="false" class="sc-d0f9d37-0 cFnpaQ coles-targeting-ButtonButtonChildContainer"><svg focusable="false" xmlns="http://www.w3.org/2000/svg" width="24" height="24" viewBox="0 0 24 24"><g fill="none" fill-rule="evenodd"><path stroke="currentColor" stroke-linecap="round" stroke-linejoin="round" stroke-width="2" vector-effect="non-scaling-stroke" d="M8,22 C8.55228475,22 9,21.5522847 9,21 C9,20.4477153 8.55228475,20 8,20 C7.44771525,20 7,20.4477153 7,21 C7,21.5522847 7.44771525,22 8,22 Z M18,22 C18.5522847,22 19,21.5522847 19,21 C19,20.4477153 18.5522847,20 18,20 C17.4477153,20 17,20.4477153 17,21 C17,21.5522847 17.4477153,22 18,22 Z M2,3 L4.5,3 L6.68,14.39 C6.86873697,15.3402315 7.71138394,16.0185624 8.68,16 L17.4,16 C18.3686161,16.0185624 19.211263,15.3402315 19.4,14.39 L21,7 M13,12 L13,6 M10,9 L16,9"></path></g></svg>Add</span></button></div></div></div></div></section><section data-testid="product-tile" class="sc-219848b8-0 ictfiu"><div class="sc-219848b8-1 jiBIlJ coles-targeting-ProductTileHeaderWrapper"><header class="product__header"><div class="product__image_area"><a class="product__link product__image" aria-label="Air Wick Air Freshner Aerosol Vanilla | 237g" href="/product/air-wick-air-freshner-aerosol-vanilla-237g-3963799"><span style="box-sizing:border-box;display:inline-block;overflow:hidden;width:initial;height:initial;background:none;opacity:1;border:0;margin:0;padding:0;position:relative;max-width:100%"><span style="box-sizing:border-box;display:block;width:initial;height:initial;background:none;opacity:1;border:0;margin:0;padding:0;max-width:100%"><img style="display:block;max-width:100%;width:initial;height:initial;background:none;opacity:1;border:0;margin:0;padding:0" alt="" aria-hidden="true" src="data:image/svg+xml,%3csvg%20xmlns=%27http://www.w3.org/2000/svg%27%20version=%271.1%27%20width=%27200%27%20height=%27200%27/%3e"/></span><img alt="Air Wick Air Freshner Aerosol Vanilla | 237g" data-testid="product-image" src="data:image/gif;base64,R0lGODlhAQABAIAAAAAAAP///yH5BAEAAAAALAAAAAABAAEAAAIBRAA7" decoding="async" data-nimg="intrinsic" style="position:absolute;top:0;left:0;bottom:0;right:0;box-sizing:border-box;padding:0;border:none;margin:auto;display:block;width:0;height:0;min-width:100%;max-width:100%;min-height:100%;max-height:100%"/><noscript><img alt="Air Wick Air Freshner Aerosol Vanilla | 237g" data-testid="product-image" srcSet="https://productimages.coles.com.au/productimages/3/3963799.jpg?w=200 1x, https://productimages.coles.com.au/productimages/3/3963799.jpg?w=200 2x" src="https://productimages.coles.com.au/productimages/3/3963799.jpg?w=200" decoding="async" data-nimg="intrinsic" style="position:absolute;top:0;left:0;bottom:0;right:0;box-sizing:border-box;padding:0;border:none;margin:auto;display:block;width:0;height:0;min-width:100%;max-width:100%;min-height:100%;max-height:100%" loading="lazy"/></noscript></span></a></div><div class="product__message-title_area"><a class="product__link" tabindex="-1" href="/product/air-wick-air-freshner-aerosol-vanilla-237g-3963799"><h2 class="LinesEllipsis  product__title">Air Wick Air Freshner Aerosol Vanilla | 237g<wbr/></h2></a><div aria-hidden="true" class="product__pricing_area show-on-small-screen" data-testid="small-screen-pricing"><section class="sc-13943253-0 crixsy product__pricing product__pricing" data-testid="product_price"><div class="price"><span class="price__value" data-testid="product-pricing" aria-label="Price $4.50">$4.50</span></div><span class="price__calculation_method">$1.90 per 100g</span></section></div></div></header></div><div class="product__cta_section"><div aria-hidden="false" class="product__pricing_area hide-on-small-screen" data-testid="large-screen-pricing"><section class="sc-13943253-0 crixsy product__pricing product__pricing" data-testid="product_price"><div class="price"><span class="price__value" data-testid="product-pricing" aria-label="Price $4.50">$4.50</span></div><span class="price__calculation_method">$1.90 per 100g</span></section></div><div><div class="product__lists_cta_wrapper"><div data-testid="add-to-cart" class="sc-92165882-0 jEVjBd product__add_to_cart product__add_to_cart"><button data-testid="add-to-cart-button" aria-label="Add Air Wick Air Freshner Aerosol Vanilla to the trolley" class="sc-89ccdc56-0 geKTLL product-tiles-btn coles-targeting-ButtonButton button"><span aria-hidden="false" class="sc-d0f9d37-0 cFnpaQ coles-targeting-ButtonButtonChildContainer"><svg focusable="false" xmlns="http://www.w3.org/2000/svg" width="24" height="24" viewBox="0 0 24 24"><g fill="none" fill-rule="evenodd"><path stroke="currentColor" stroke-linecap="round" stroke-linejoin="round" stroke-width="2" vector-effect="non-scaling-stroke" d="M8,22 C8.55228475,22 9,21.5522847 9,21 C9,20.4477153 8.55228475,20 8,20 C7.44771525,20 7,20.4477153 7,21 C7,21.5522847 7.44771525,22 8,22 Z M18,22 C18.5522847,22 19,21.5522847 19,21 C19,20.4477153 18.5522847,20 18,20 C17.4477153,20 17,20.4477153 17,21 C17,21.5522847 17.4477153,22 18,22 Z M2,3 L4.5,3 L6.68,14.39 C6.86873697,15.3402315 7.71138394,16.0185624 8.68,16 L17.4,16 C18.3686161,16.0185624 19.211263,15.3402315 19.4,14.39 L21,7 M13,12 L13,6 M10,9 L16,9"></path></g></svg>Add</span></button></div></div></div></div></section><section data-testid="product-tile" class="sc-219848b8-0 ictfiu"><div class="sc-219848b8-1 jiBIlJ coles-targeting-ProductTileHeaderWrapper"><header class="product__header"><div class="product__image_area"><a class="product__link product__image" aria-label="Glade Solid Air Freshener Lavender | 180g" href="/product/glade-solid-air-freshener-lavender-180g-4886161"><span style="box-sizing:border-box;display:inline-block;overflow:hidden;width:initial;height:initial;background:none;opacity:1;border:0;margin:0;padding:0;position:relative;max-width:100%"><span style="box-sizing:border-box;display:block;width:initial;height:initial;background:none;opacity:1;border:0;margin:0;padding:0;max-width:100%"><img style="display:block;max-width:100%;width:initial;height:initial;background:none;opacity:1;border:0;margin:0;padding:0" alt="" aria-hidden="true" src="data:image/svg+xml,%3csvg%20xmlns=%27http://www.w3.org/2000/svg%27%20version=%271.1%27%20width=%27200%27%20height=%27200%27/%3e"/></span><img alt="Glade Solid Air Freshener Lavender | 180g" data-testid="product-image" src="data:image/gif;base64,R0lGODlhAQABAIAAAAAAAP///yH5BAEAAAAALAAAAAABAAEAAAIBRAA7" decoding="async" data-nimg="intrinsic" style="position:absolute;top:0;left:0;bottom:0;right:0;box-sizing:border-box;padding:0;border:none;margin:auto;display:block;width:0;height:0;min-width:100%;max-width:100%;min-height:100%;max-height:100%"/><noscript><img alt="Glade Solid Air Freshener Lavender | 180g" data-testid="product-image" srcSet="https://productimages.coles.com.au/productimages/4/4886161.jpg?w=200 1x, https://productimages.coles.com.au/productimages/4/4886161.jpg?w=200 2x" src="https://productimages.coles.com.au/productimages/4/4886161.jpg?w=200" decoding="async" data-nimg="intrinsic" style="position:absolute;top:0;left:0;bottom:0;right:0;box-sizing:border-box;padding:0;border:none;margin:auto;display:block;width:0;height:0;min-width:100%;max-width:100%;min-height:100%;max-height:100%" loading="lazy"/></noscript></span></a></div><div class="product__message-title_area"><a class="product__link" tabindex="-1" href="/product/glade-solid-air-freshener-lavender-180g-4886161"><h2 class="LinesEllipsis  product__title">Glade Solid Air Freshener Lavender | 180g<wbr/></h2></a><span data-testid="down-down" class="sc-fe6dff31-0 bzEQpA product__badge product__badge"><span class="roundel-text down-down">DOWN DOWN</span></span><div aria-hidden="true" class="product__pricing_area show-on-small-screen" data-testid="small-screen-pricing"><section class="sc-13943253-0 crixsy product__pricing product__pricing" data-testid="product_price"><div class="price"><span class="price__value" data-testid="product-pricing" aria-label="Price $3.75">$3.75</span></div><span class="price__calculation_method">$2.08 per 100g<span class="price__was"> | <!-- -->Was $4.00 on Nov 2022<!-- --> </span></span></section></div></div></header></div><div class="product__cta_section"><div aria-hidden="false" class="product__pricing_area hide-on-small-screen" data-testid="large-screen-pricing"><section class="sc-13943253-0 crixsy product__pricing product__pricing" data-testid="product_price"><div class="price"><span class="price__value" data-testid="product-pricing" aria-label="Price $3.75">$3.75</span></div><span class="price__calculation_method">$2.08 per 100g<span class="price__was"> | <!-- -->Was $4.00 on Nov 2022<!-- --> </span></span></section></div><div><div class="product__lists_cta_wrapper"><div data-testid="add-to-cart" class="sc-92165882-0 jEVjBd product__add_to_cart product__add_to_cart"><button data-testid="add-to-cart-button" aria-label="Add Glade Solid Air Freshener Lavender to the trolley" class="sc-89ccdc56-0 geKTLL product-tiles-btn coles-targeting-ButtonButton button"><span aria-hidden="false" class="sc-d0f9d37-0 cFnpaQ coles-targeting-ButtonButtonChildContainer"><svg focusable="false" xmlns="http://www.w3.org/2000/svg" width="24" height="24" viewBox="0 0 24 24"><g fill="none" fill-rule="evenodd"><path stroke="currentColor" stroke-linecap="round" stroke-linejoin="round" stroke-width="2" vector-effect="non-scaling-stroke" d="M8,22 C8.55228475,22 9,21.5522847 9,21 C9,20.4477153 8.55228475,20 8,20 C7.44771525,20 7,20.4477153 7,21 C7,21.5522847 7.44771525,22 8,22 Z M18,22 C18.5522847,22 19,21.5522847 19,21 C19,20.4477153 18.5522847,20 18,20 C17.4477153,20 17,20.4477153 17,21 C17,21.5522847 17.4477153,22 18,22 Z M2,3 L4.5,3 L6.68,14.39 C6.86873697,15.3402315 7.71138394,16.0185624 8.68,16 L17.4,16 C18.3686161,16.0185624 19.211263,15.3402315 19.4,14.39 L21,7 M13,12 L13,6 M10,9 L16,9"></path></g></svg>Add</span></button></div></div></div></div></section><section data-testid="product-tile" class="sc-219848b8-0 ictfiu"><div class="sc-219848b8-1 jiBIlJ coles-targeting-ProductTileHeaderWrapper"><header class="product__header"><div class="product__image_area"><a class="product__link product__image" aria-label="Air Wick Air Freshener Spray Lavender | 237g" href="/product/air-wick-air-freshener-spray-lavender-237g-1182956"><span style="box-sizing:border-box;display:inline-block;overflow:hidden;width:initial;height:initial;background:none;opacity:1;border:0;margin:0;padding:0;position:relative;max-width:100%"><span style="box-sizing:border-box;display:block;width:initial;height:initial;background:none;opacity:1;border:0;margin:0;padding:0;max-width:100%"><img style="display:block;max-width:100%;width:initial;height:initial;background:none;opacity:1;border:0;margin:0;padding:0" alt="" aria-hidden="true" src="data:image/svg+xml,%3csvg%20xmlns=%27http://www.w3.org/2000/svg%27%20version=%271.1%27%20width=%27200%27%20height=%27200%27/%3e"/></span><img alt="Air Wick Air Freshener Spray Lavender | 237g" data-testid="product-image" src="data:image/gif;base64,R0lGODlhAQABAIAAAAAAAP///yH5BAEAAAAALAAAAAABAAEAAAIBRAA7" decoding="async" data-nimg="intrinsic" style="position:absolute;top:0;left:0;bottom:0;right:0;box-sizing:border-box;padding:0;border:none;margin:auto;display:block;width:0;height:0;min-width:100%;max-width:100%;min-height:100%;max-height:100%"/><noscript><img alt="Air Wick Air Freshener Spray Lavender | 237g" data-testid="product-image" srcSet="https://productimages.coles.com.au/productimages/1/1182956.jpg?w=200 1x, https://productimages.coles.com.au/productimages/1/1182956.jpg?w=200 2x" src="https://productimages.coles.com.au/productimages/1/1182956.jpg?w=200" decoding="async" data-nimg="intrinsic" style="position:absolute;top:0;left:0;bottom:0;right:0;box-sizing:border-box;padding:0;border:none;margin:auto;display:block;width:0;height:0;min-width:100%;max-width:100%;min-height:100%;max-height:100%" loading="lazy"/></noscript></span></a></div><div class="product__message-title_area"><a class="product__link" tabindex="-1" href="/product/air-wick-air-freshener-spray-lavender-237g-1182956"><h2 class="LinesEllipsis  product__title">Air Wick Air Freshener Spray Lavender | 237g<wbr/></h2></a><div aria-hidden="true" class="product__pricing_area show-on-small-screen" data-testid="small-screen-pricing"><section class="sc-13943253-0 crixsy product__pricing product__pricing" data-testid="product_price"><div class="price"><span class="price__value" data-testid="product-pricing" aria-label="Price $4.50">$4.50</span></div><span class="price__calculation_method">$1.90 per 100g</span></section></div></div></header></div><div class="product__cta_section"><div aria-hidden="false" class="product__pricing_area hide-on-small-screen" data-testid="large-screen-pricing"><section class="sc-13943253-0 crixsy product__pricing product__pricing" data-testid="product_price"><div class="price"><span class="price__value" data-testid="product-pricing" aria-label="Price $4.50">$4.50</span></div><span class="price__calculation_method">$1.90 per 100g</span></section></div><div><div class="product__lists_cta_wrapper"><div data-testid="add-to-cart" class="sc-92165882-0 jEVjBd product__add_to_cart product__add_to_cart"><button data-testid="add-to-cart-button" aria-label="Add Air Wick Air Freshener Spray Lavender to the trolley" class="sc-89ccdc56-0 geKTLL product-tiles-btn coles-targeting-ButtonButton button"><span aria-hidden="false" class="sc-d0f9d37-0 cFnpaQ coles-targeting-ButtonButtonChildContainer"><svg focusable="false" xmlns="http://www.w3.org/2000/svg" width="24" height="24" viewBox="0 0 24 24"><g fill="none" fill-rule="evenodd"><path stroke="currentColor" stroke-linecap="round" stroke-linejoin="round" stroke-width="2" vector-effect="non-scaling-stroke" d="M8,22 C8.55228475,22 9,21.5522847 9,21 C9,20.4477153 8.55228475,20 8,20 C7.44771525,20 7,20.4477153 7,21 C7,21.5522847 7.44771525,22 8,22 Z M18,22 C18.5522847,22 19,21.5522847 19,21 C19,20.4477153 18.5522847,20 18,20 C17.4477153,20 17,20.4477153 17,21 C17,21.5522847 17.4477153,22 18,22 Z M2,3 L4.5,3 L6.68,14.39 C6.86873697,15.3402315 7.71138394,16.0185624 8.68,16 L17.4,16 C18.3686161,16.0185624 19.211263,15.3402315 19.4,14.39 L21,7 M13,12 L13,6 M10,9 L16,9"></path></g></svg>Add</span></button></div></div></div></div></section><section data-testid="product-tile" class="sc-219848b8-0 ictfiu"><div class="sc-219848b8-1 jiBIlJ coles-targeting-ProductTileHeaderWrapper"><header class="product__header"><div class="product__image_area"><a class="product__link product__image" aria-label="Air Wick Essential Oils Candle Vanilla &amp; Soft Cashmere | 1 pack" href="/product/air-wick-essential-oils-candle-vanilla-and-soft-cashmere-1-pack-3413415"><span style="box-sizing:border-box;display:inline-block;overflow:hidden;width:initial;height:initial;background:none;opacity:1;border:0;margin:0;padding:0;position:relative;max-width:100%"><span style="box-sizing:border-box;display:block;width:initial;height:initial;background:none;opacity:1;border:0;margin:0;padding:0;max-width:100%"><img style="display:block;max-width:100%;width:initial;height:initial;background:none;opacity:1;border:0;margin:0;padding:0" alt="" aria-hidden="true" src="data:image/svg+xml,%3csvg%20xmlns=%27http://www.w3.org/2000/svg%27%20version=%271.1%27%20width=%27200%27%20height=%27200%27/%3e"/></span><img alt="Air Wick Essential Oils Candle Vanilla &amp; Soft Cashmere | 1 pack" data-testid="product-image" src="data:image/gif;base64,R0lGODlhAQABAIAAAAAAAP///yH5BAEAAAAALAAAAAABAAEAAAIBRAA7" decoding="async" data-nimg="intrinsic" style="position:absolute;top:0;left:0;bottom:0;right:0;box-sizing:border-box;padding:0;border:none;margin:auto;display:block;width:0;height:0;min-width:100%;max-width:100%;min-height:100%;max-height:100%"/><noscript><img alt="Air Wick Essential Oils Candle Vanilla &amp; Soft Cashmere | 1 pack" data-testid="product-image" srcSet="https://productimages.coles.com.au/productimages/3/3413415.jpg?w=200 1x, https://productimages.coles.com.au/productimages/3/3413415.jpg?w=200 2x" src="https://productimages.coles.com.au/productimages/3/3413415.jpg?w=200" decoding="async" data-nimg="intrinsic" style="position:absolute;top:0;left:0;bottom:0;right:0;box-sizing:border-box;padding:0;border:none;margin:auto;display:block;width:0;height:0;min-width:100%;max-width:100%;min-height:100%;max-height:100%" loading="lazy"/></noscript></span></a></div><div class="product__message-title_area"><a class="product__link" tabindex="-1" href="/product/air-wick-essential-oils-candle-vanilla-and-soft-cashmere-1-pack-3413415"><h2 class="LinesEllipsis  product__title">Air Wick Essential Oils Candle Vanilla &amp; Soft Cashmere | 1 pack<wbr/></h2></a><span data-testid="simple-fixed-price-specials" class="sc-fe6dff31-0 kStxxR product__badge product__badge"><span class="roundel-text simple-fixed-price-specials">SPECIAL</span></span><div aria-hidden="true" class="product__pricing_area show-on-small-screen" data-testid="small-screen-pricing"><section class="sc-13943253-0 crixsy product__pricing product__pricing" data-testid="product_price"><div class="price"><span class="price__value" data-testid="product-pricing" aria-label="Price $4.00">$4.00</span><span data-testid="badge-wrapper" type="savings" class="sc-c74b40a4-0 ezeMjE badge is-small badge is-small"><section aria-label="" class="badge-label">Save $4.00</section></span></div><span class="price__calculation_method">$4.00 per 1ea<span class="price__was"> | Was $8.00</span></span></section></div></div></header></div><div class="product__cta_section"><div aria-hidden="false" class="product__pricing_area hide-on-small-screen" data-testid="large-screen-pricing"><section class="sc-13943253-0 crixsy product__pricing product__pricing" data-testid="product_price"><div class="price"><span class="price__value" data-testid="product-pricing" aria-label="Price $4.00">$4.00</span><span data-testid="badge-wrapper" type="savings" class="sc-c74b40a4-0 ezeMjE badge is-small badge is-small"><section aria-label="" class="badge-label">Save $4.00</section></span></div><span class="price__calculation_method">$4.00 per 1ea<span class="price__was"> | Was $8.00</span></span></section></div><div><div class="product__lists_cta_wrapper"><div data-testid="add-to-cart" class="sc-92165882-0 jEVjBd product__add_to_cart product__add_to_cart"><button data-testid="add-to-cart-button" aria-label="Add Air Wick Essential Oils Candle Vanilla &amp; Soft Cashmere to the trolley" class="sc-89ccdc56-0 geKTLL product-tiles-btn coles-targeting-ButtonButton button"><span aria-hidden="false" class="sc-d0f9d37-0 cFnpaQ coles-targeting-ButtonButtonChildContainer"><svg focusable="false" xmlns="http://www.w3.org/2000/svg" width="24" height="24" viewBox="0 0 24 24"><g fill="none" fill-rule="evenodd"><path stroke="currentColor" stroke-linecap="round" stroke-linejoin="round" stroke-width="2" vector-effect="non-scaling-stroke" d="M8,22 C8.55228475,22 9,21.5522847 9,21 C9,20.4477153 8.55228475,20 8,20 C7.44771525,20 7,20.4477153 7,21 C7,21.5522847 7.44771525,22 8,22 Z M18,22 C18.5522847,22 19,21.5522847 19,21 C19,20.4477153 18.5522847,20 18,20 C17.4477153,20 17,20.4477153 17,21 C17,21.5522847 17.4477153,22 18,22 Z M2,3 L4.5,3 L6.68,14.39 C6.86873697,15.3402315 7.71138394,16.0185624 8.68,16 L17.4,16 C18.3686161,16.0185624 19.211263,15.3402315 19.4,14.39 L21,7 M13,12 L13,6 M10,9 L16,9"></path></g></svg>Add</span></button></div></div></div></div></section><section data-testid="product-tile" class="sc-219848b8-0 ictfiu"><div class="sc-219848b8-1 jiBIlJ coles-targeting-ProductTileHeaderWrapper"><header class="product__header"><div class="product__image_area"><a class="product__link product__image" aria-label="Air Wick Essential Oils Candle Berry Blossom | 1 pack" href="/product/air-wick-essential-oils-candle-berry-blossom-1-pack-3413437"><span style="box-sizing:border-box;display:inline-block;overflow:hidden;width:initial;height:initial;background:none;opacity:1;border:0;margin:0;padding:0;position:relative;max-width:100%"><span style="box-sizing:border-box;display:block;width:initial;height:initial;background:none;opacity:1;border:0;margin:0;padding:0;max-width:100%"><img style="display:block;max-width:100%;width:initial;height:initial;background:none;opacity:1;border:0;margin:0;padding:0" alt="" aria-hidden="true" src="data:image/svg+xml,%3csvg%20xmlns=%27http://www.w3.org/2000/svg%27%20version=%271.1%27%20width=%27200%27%20height=%27200%27/%3e"/></span><img alt="Air Wick Essential Oils Candle Berry Blossom | 1 pack" data-testid="product-image" src="data:image/gif;base64,R0lGODlhAQABAIAAAAAAAP///yH5BAEAAAAALAAAAAABAAEAAAIBRAA7" decoding="async" data-nimg="intrinsic" style="position:absolute;top:0;left:0;bottom:0;right:0;box-sizing:border-box;padding:0;border:none;margin:auto;display:block;width:0;height:0;min-width:100%;max-width:100%;min-height:100%;max-height:100%"/><noscript><img alt="Air Wick Essential Oils Candle Berry Blossom | 1 pack" data-testid="product-image" srcSet="https://productimages.coles.com.au/productimages/3/3413437.jpg?w=200 1x, https://productimages.coles.com.au/productimages/3/3413437.jpg?w=200 2x" src="https://productimages.coles.com.au/productimages/3/3413437.jpg?w=200" decoding="async" data-nimg="intrinsic" style="position:absolute;top:0;left:0;bottom:0;right:0;box-sizing:border-box;padding:0;border:none;margin:auto;display:block;width:0;height:0;min-width:100%;max-width:100%;min-height:100%;max-height:100%" loading="lazy"/></noscript></span></a></div><div class="product__message-title_area"><a class="product__link" tabindex="-1" href="/product/air-wick-essential-oils-candle-berry-blossom-1-pack-3413437"><h2 class="LinesEllipsis  product__title">Air Wick Essential Oils Candle Berry Blossom | 1 pack<wbr/></h2></a><span data-testid="simple-fixed-price-specials" class="sc-fe6dff31-0 kStxxR product__badge product__badge"><span class="roundel-text simple-fixed-price-specials">SPECIAL</span></span><div aria-hidden="true" class="product__pricing_area show-on-small-screen" data-testid="small-screen-pricing"><section class="sc-13943253-0 crixsy product__pricing product__pricing" data-testid="product_price"><div class="price"><span class="price__value" data-testid="product-pricing" aria-label="Price $4.00">$4.00</span><span data-testid="badge-wrapper" type="savings" class="sc-c74b40a4-0 ezeMjE badge is-small badge is-small"><section aria-label="" class="badge-label">Save $4.00</section></span></div><span class="price__calculation_method">$4.00 per 1ea<span class="price__was"> | Was $8.00</span></span></section></div></div></header></div><div class="product__cta_section"><div aria-hidden="false" class="product__pricing_area hide-on-small-screen" data-testid="large-screen-pricing"><section class="sc-13943253-0 crixsy product__pricing product__pricing" data-testid="product_price"><div class="price"><span class="price__value" data-testid="product-pricing" aria-label="Price $4.00">$4.00</span><span data-testid="badge-wrapper" type="savings" class="sc-c74b40a4-0 ezeMjE badge is-small badge is-small"><section aria-label="" class="badge-label">Save $4.00</section></span></div><span class="price__calculation_method">$4.00 per 1ea<span class="price__was"> | Was $8.00</span></span></section></div><div><div class="product__lists_cta_wrapper"><div data-testid="add-to-cart" class="sc-92165882-0 jEVjBd product__add_to_cart product__add_to_cart"><button data-testid="add-to-cart-button" aria-label="Add Air Wick Essential Oils Candle Berry Blossom to the trolley" class="sc-89ccdc56-0 geKTLL product-tiles-btn coles-targeting-ButtonButton button"><span aria-hidden="false" class="sc-d0f9d37-0 cFnpaQ coles-targeting-ButtonButtonChildContainer"><svg focusable="false" xmlns="http://www.w3.org/2000/svg" width="24" height="24" viewBox="0 0 24 24"><g fill="none" fill-rule="evenodd"><path stroke="currentColor" stroke-linecap="round" stroke-linejoin="round" stroke-width="2" vector-effect="non-scaling-stroke" d="M8,22 C8.55228475,22 9,21.5522847 9,21 C9,20.4477153 8.55228475,20 8,20 C7.44771525,20 7,20.4477153 7,21 C7,21.5522847 7.44771525,22 8,22 Z M18,22 C18.5522847,22 19,21.5522847 19,21 C19,20.4477153 18.5522847,20 18,20 C17.4477153,20 17,20.4477153 17,21 C17,21.5522847 17.4477153,22 18,22 Z M2,3 L4.5,3 L6.68,14.39 C6.86873697,15.3402315 7.71138394,16.0185624 8.68,16 L17.4,16 C18.3686161,16.0185624 19.211263,15.3402315 19.4,14.39 L21,7 M13,12 L13,6 M10,9 L16,9"></path></g></svg>Add</span></button></div></div></div></div></section><section data-testid="product-tile" class="sc-219848b8-0 ictfiu"><div class="sc-219848b8-1 jiBIlJ coles-targeting-ProductTileHeaderWrapper"><header class="product__header"><div class="product__image_area"><a class="product__link product__image" aria-label="Air Wick Essential Oils Candle Cherry Blossom | 1 pack" href="/product/air-wick-essential-oils-candle-cherry-blossom-1-pack-3413448"><span style="box-sizing:border-box;display:inline-block;overflow:hidden;width:initial;height:initial;background:none;opacity:1;border:0;margin:0;padding:0;position:relative;max-width:100%"><span style="box-sizing:border-box;display:block;width:initial;height:initial;background:none;opacity:1;border:0;margin:0;padding:0;max-width:100%"><img style="display:block;max-width:100%;width:initial;height:initial;background:none;opacity:1;border:0;margin:0;padding:0" alt="" aria-hidden="true" src="data:image/svg+xml,%3csvg%20xmlns=%27http://www.w3.org/2000/svg%27%20version=%271.1%27%20width=%27200%27%20height=%27200%27/%3e"/></span><img alt="Air Wick Essential Oils Candle Cherry Blossom | 1 pack" data-testid="product-image" src="data:image/gif;base64,R0lGODlhAQABAIAAAAAAAP///yH5BAEAAAAALAAAAAABAAEAAAIBRAA7" decoding="async" data-nimg="intrinsic" style="position:absolute;top:0;left:0;bottom:0;right:0;box-sizing:border-box;padding:0;border:none;margin:auto;display:block;width:0;height:0;min-width:100%;max-width:100%;min-height:100%;max-height:100%"/><noscript><img alt="Air Wick Essential Oils Candle Cherry Blossom | 1 pack" data-testid="product-image" srcSet="https://productimages.coles.com.au/productimages/3/3413448.jpg?w=200 1x, https://productimages.coles.com.au/productimages/3/3413448.jpg?w=200 2x" src="https://productimages.coles.com.au/productimages/3/3413448.jpg?w=200" decoding="async" data-nimg="intrinsic" style="position:absolute;top:0;left:0;bottom:0;right:0;box-sizing:border-box;padding:0;border:none;margin:auto;display:block;width:0;height:0;min-width:100%;max-width:100%;min-height:100%;max-height:100%" loading="lazy"/></noscript></span></a></div><div class="product__message-title_area"><a class="product__link" tabindex="-1" href="/product/air-wick-essential-oils-candle-cherry-blossom-1-pack-3413448"><h2 class="LinesEllipsis  product__title">Air Wick Essential Oils Candle Cherry Blossom | 1 pack<wbr/></h2></a><span data-testid="simple-fixed-price-specials" class="sc-fe6dff31-0 kStxxR product__badge product__badge"><span class="roundel-text simple-fixed-price-specials">SPECIAL</span></span><div aria-hidden="true" class="product__pricing_area show-on-small-screen" data-testid="small-screen-pricing"><section class="sc-13943253-0 crixsy product__pricing product__pricing" data-testid="product_price"><div class="price"><span class="price__value" data-testid="product-pricing" aria-label="Price $4.00">$4.00</span><span data-testid="badge-wrapper" type="savings" class="sc-c74b40a4-0 ezeMjE badge is-small badge is-small"><section aria-label="" class="badge-label">Save $4.00</section></span></div><span class="price__calculation_method">$4.00 per 1ea<span class="price__was"> | Was $8.00</span></span></section></div></div></header></div><div class="product__cta_section"><div aria-hidden="false" class="product__pricing_area hide-on-small-screen" data-testid="large-screen-pricing"><section class="sc-13943253-0 crixsy product__pricing product__pricing" data-testid="product_price"><div class="price"><span class="price__value" data-testid="product-pricing" aria-label="Price $4.00">$4.00</span><span data-testid="badge-wrapper" type="savings" class="sc-c74b40a4-0 ezeMjE badge is-small badge is-small"><section aria-label="" class="badge-label">Save $4.00</section></span></div><span class="price__calculation_method">$4.00 per 1ea<span class="price__was"> | Was $8.00</span></span></section></div><div><div class="product__lists_cta_wrapper"><div data-testid="add-to-cart" class="sc-92165882-0 jEVjBd product__add_to_cart product__add_to_cart"><button data-testid="add-to-cart-button" aria-label="Add Air Wick Essential Oils Candle Cherry Blossom to the trolley" class="sc-89ccdc56-0 geKTLL product-tiles-btn coles-targeting-ButtonButton button"><span aria-hidden="false" class="sc-d0f9d37-0 cFnpaQ coles-targeting-ButtonButtonChildContainer"><svg focusable="false" xmlns="http://www.w3.org/2000/svg" width="24" height="24" viewBox="0 0 24 24"><g fill="none" fill-rule="evenodd"><path stroke="currentColor" stroke-linecap="round" stroke-linejoin="round" stroke-width="2" vector-effect="non-scaling-stroke" d="M8,22 C8.55228475,22 9,21.5522847 9,21 C9,20.4477153 8.55228475,20 8,20 C7.44771525,20 7,20.4477153 7,21 C7,21.5522847 7.44771525,22 8,22 Z M18,22 C18.5522847,22 19,21.5522847 19,21 C19,20.4477153 18.5522847,20 18,20 C17.4477153,20 17,20.4477153 17,21 C17,21.5522847 17.4477153,22 18,22 Z M2,3 L4.5,3 L6.68,14.39 C6.86873697,15.3402315 7.71138394,16.0185624 8.68,16 L17.4,16 C18.3686161,16.0185624 19.211263,15.3402315 19.4,14.39 L21,7 M13,12 L13,6 M10,9 L16,9"></path></g></svg>Add</span></button></div></div></div></div></section><section data-testid="product-tile" class="sc-219848b8-0 ictfiu"><div class="sc-219848b8-1 jiBIlJ coles-targeting-ProductTileHeaderWrapper"><header class="product__header"><div class="product__image_area"><a class="product__link product__image" aria-label="Ambi Pur Sky Breeze Car Air Freshener Mini Clip | 2mL" href="/product/ambi-pur-sky-breeze-car-air-freshener-mini-clip-2ml-1278159"><span style="box-sizing:border-box;display:inline-block;overflow:hidden;width:initial;height:initial;background:none;opacity:1;border:0;margin:0;padding:0;position:relative;max-width:100%"><span style="box-sizing:border-box;display:block;width:initial;height:initial;background:none;opacity:1;border:0;margin:0;padding:0;max-width:100%"><img style="display:block;max-width:100%;width:initial;height:initial;background:none;opacity:1;border:0;margin:0;padding:0" alt="" aria-hidden="true" src="data:image/svg+xml,%3csvg%20xmlns=%27http://www.w3.org/2000/svg%27%20version=%271.1%27%20width=%27200%27%20height=%27200%27/%3e"/></span><img alt="Ambi Pur Sky Breeze Car Air Freshener Mini Clip | 2mL" data-testid="product-image" src="data:image/gif;base64,R0lGODlhAQABAIAAAAAAAP///yH5BAEAAAAALAAAAAABAAEAAAIBRAA7" decoding="async" data-nimg="intrinsic" style="position:absolute;top:0;left:0;bottom:0;right:0;box-sizing:border-box;padding:0;border:none;margin:auto;display:block;width:0;height:0;min-width:100%;max-width:100%;min-height:100%;max-height:100%"/><noscript><img alt="Ambi Pur Sky Breeze Car Air Freshener Mini Clip | 2mL" data-testid="product-image" srcSet="https://productimages.coles.com.au/productimages/1/1278159.jpg?w=200 1x, https://productimages.coles.com.au/productimages/1/1278159.jpg?w=200 2x" src="https://productimages.coles.com.au/productimages/1/1278159.jpg?w=200" decoding="async" data-nimg="intrinsic" style="position:absolute;top:0;left:0;bottom:0;right:0;box-sizing:border-box;padding:0;border:none;margin:auto;display:block;width:0;height:0;min-width:100%;max-width:100%;min-height:100%;max-height:100%" loading="lazy"/></noscript></span></a></div><div class="product__message-title_area"><a class="product__link" tabindex="-1" href="/product/ambi-pur-sky-breeze-car-air-freshener-mini-clip-2ml-1278159"><h2 class="LinesEllipsis  product__title">Ambi Pur Sky Breeze Car Air Freshener Mini Clip | 2mL<wbr/></h2></a><span data-testid="simple-fixed-price-specials" class="sc-fe6dff31-0 kStxxR product__badge product__badge"><span class="roundel-text simple-fixed-price-specials">SPECIAL</span></span><div aria-hidden="true" class="product__pricing_area show-on-small-screen" data-testid="small-screen-pricing"><section class="sc-13943253-0 crixsy product__pricing product__pricing" data-testid="product_price"><div class="price"><span class="price__value" data-testid="product-pricing" aria-label="Price $4.80">$4.80</span></div><span class="price__calculation_method">$24.00 per 10mL</span></section></div></div></header></div><div class="product__cta_section"><div aria-hidden="false" class="product__pricing_area hide-on-small-screen" data-testid="large-screen-pricing"><section class="sc-13943253-0 crixsy product__pricing product__pricing" data-testid="product_price"><div class="price"><span class="price__value" data-testid="product-pricing" aria-label="Price $4.80">$4.80</span></div><span class="price__calculation_method">$24.00 per 10mL</span></section></div><div><div class="product__lists_cta_wrapper"><div data-testid="add-to-cart" class="sc-92165882-0 jEVjBd product__add_to_cart product__add_to_cart"><button data-testid="add-to-cart-button" aria-label="Add Ambi Pur Sky Breeze Car Air Freshener Mini Clip to the trolley" class="sc-89ccdc56-0 geKTLL product-tiles-btn coles-targeting-ButtonButton button"><span aria-hidden="false" class="sc-d0f9d37-0 cFnpaQ coles-targeting-ButtonButtonChildContainer"><svg focusable="false" xmlns="http://www.w3.org/2000/svg" width="24" height="24" viewBox="0 0 24 24"><g fill="none" fill-rule="evenodd"><path stroke="currentColor" stroke-linecap="round" stroke-linejoin="round" stroke-width="2" vector-effect="non-scaling-stroke" d="M8,22 C8.55228475,22 9,21.5522847 9,21 C9,20.4477153 8.55228475,20 8,20 C7.44771525,20 7,20.4477153 7,21 C7,21.5522847 7.44771525,22 8,22 Z M18,22 C18.5522847,22 19,21.5522847 19,21 C19,20.4477153 18.5522847,20 18,20 C17.4477153,20 17,20.4477153 17,21 C17,21.5522847 17.4477153,22 18,22 Z M2,3 L4.5,3 L6.68,14.39 C6.86873697,15.3402315 7.71138394,16.0185624 8.68,16 L17.4,16 C18.3686161,16.0185624 19.211263,15.3402315 19.4,14.39 L21,7 M13,12 L13,6 M10,9 L16,9"></path></g></svg>Add</span></button></div></div></div></div></section><section data-testid="product-tile" class="sc-219848b8-0 ictfiu"><div class="sc-219848b8-1 jiBIlJ coles-targeting-ProductTileHeaderWrapper"><header class="product__header"><div class="product__image_area"><a class="product__link product__image" aria-label="Ambi Pur New Zealand Springs Car Air Freshener Mini Clip | 2mL" href="/product/ambi-pur-new-zealand-springs-car-air-freshener-mini-clip-2ml-1278181"><span style="box-sizing:border-box;display:inline-block;overflow:hidden;width:initial;height:initial;background:none;opacity:1;border:0;margin:0;padding:0;position:relative;max-width:100%"><span style="box-sizing:border-box;display:block;width:initial;height:initial;background:none;opacity:1;border:0;margin:0;padding:0;max-width:100%"><img style="display:block;max-width:100%;width:initial;height:initial;background:none;opacity:1;border:0;margin:0;padding:0" alt="" aria-hidden="true" src="data:image/svg+xml,%3csvg%20xmlns=%27http://www.w3.org/2000/svg%27%20version=%271.1%27%20width=%27200%27%20height=%27200%27/%3e"/></span><img alt="Ambi Pur New Zealand Springs Car Air Freshener Mini Clip | 2mL" data-testid="product-image" src="data:image/gif;base64,R0lGODlhAQABAIAAAAAAAP///yH5BAEAAAAALAAAAAABAAEAAAIBRAA7" decoding="async" data-nimg="intrinsic" style="position:absolute;top:0;left:0;bottom:0;right:0;box-sizing:border-box;padding:0;border:none;margin:auto;display:block;width:0;height:0;min-width:100%;max-width:100%;min-height:100%;max-height:100%"/><noscript><img alt="Ambi Pur New Zealand Springs Car Air Freshener Mini Clip | 2mL" data-testid="product-image" srcSet="https://productimages.coles.com.au/productimages/1/1278181.jpg?w=200 1x, https://productimages.coles.com.au/productimages/1/1278181.jpg?w=200 2x" src="https://productimages.coles.com.au/productimages/1/1278181.jpg?w=200" decoding="async" data-nimg="intrinsic" style="position:absolute;top:0;left:0;bottom:0;right:0;box-sizing:border-box;padding:0;border:none;margin:auto;display:block;width:0;height:0;min-width:100%;max-width:100%;min-height:100%;max-height:100%" loading="lazy"/></noscript></span></a></div><div class="product__message-title_area"><a class="product__link" tabindex="-1" href="/product/ambi-pur-new-zealand-springs-car-air-freshener-mini-clip-2ml-1278181"><h2 class="LinesEllipsis  product__title">Ambi Pur New Zealand Springs Car Air Freshener Mini Clip | 2mL<wbr/></h2></a><span data-testid="simple-fixed-price-specials" class="sc-fe6dff31-0 kStxxR product__badge product__badge"><span class="roundel-text simple-fixed-price-specials">SPECIAL</span></span><div aria-hidden="true" class="product__pricing_area show-on-small-screen" data-testid="small-screen-pricing"><section class="sc-13943253-0 crixsy product__pricing product__pricing" data-testid="product_price"><div class="price"><span class="price__value" data-testid="product-pricing" aria-label="Price $4.80">$4.80</span><span data-testid="badge-wrapper" type="savings" class="sc-c74b40a4-0 ezeMjE badge is-small badge is-small"><section aria-label="" class="badge-label">Save $1.20</section></span></div><span class="price__calculation_method">$24.00 per 10mL<span class="price__was"> | Was $6.00</span></span></section></div></div></header></div><div class="product__cta_section"><div aria-hidden="false" class="product__pricing_area hide-on-small-screen" data-testid="large-screen-pricing"><section class="sc-13943253-0 crixsy product__pricing product__pricing" data-testid="product_price"><div class="price"><span class="price__value" data-testid="product-pricing" aria-label="Price $4.80">$4.80</span><span data-testid="badge-wrapper" type="savings" class="sc-c74b40a4-0 ezeMjE badge is-small badge is-small"><section aria-label="" class="badge-label">Save $1.20</section></span></div><span class="price__calculation_method">$24.00 per 10mL<span class="price__was"> | Was $6.00</span></span></section></div><div><div class="product__lists_cta_wrapper"><div data-testid="add-to-cart" class="sc-92165882-0 jEVjBd product__add_to_cart product__add_to_cart"><button data-testid="add-to-cart-button" aria-label="Add Ambi Pur New Zealand Springs Car Air Freshener Mini Clip to the trolley" class="sc-89ccdc56-0 geKTLL product-tiles-btn coles-targeting-ButtonButton button"><span aria-hidden="false" class="sc-d0f9d37-0 cFnpaQ coles-targeting-ButtonButtonChildContainer"><svg focusable="false" xmlns="http://www.w3.org/2000/svg" width="24" height="24" viewBox="0 0 24 24"><g fill="none" fill-rule="evenodd"><path stroke="currentColor" stroke-linecap="round" stroke-linejoin="round" stroke-width="2" vector-effect="non-scaling-stroke" d="M8,22 C8.55228475,22 9,21.5522847 9,21 C9,20.4477153 8.55228475,20 8,20 C7.44771525,20 7,20.4477153 7,21 C7,21.5522847 7.44771525,22 8,22 Z M18,22 C18.5522847,22 19,21.5522847 19,21 C19,20.4477153 18.5522847,20 18,20 C17.4477153,20 17,20.4477153 17,21 C17,21.5522847 17.4477153,22 18,22 Z M2,3 L4.5,3 L6.68,14.39 C6.86873697,15.3402315 7.71138394,16.0185624 8.68,16 L17.4,16 C18.3686161,16.0185624 19.211263,15.3402315 19.4,14.39 L21,7 M13,12 L13,6 M10,9 L16,9"></path></g></svg>Add</span></button></div></div></div></div></section><section data-testid="product-tile" class="sc-219848b8-0 ictfiu"><div class="sc-219848b8-1 jiBIlJ coles-targeting-ProductTileHeaderWrapper"><header class="product__header"><div class="product__image_area"><a class="product__link product__image" aria-label="Ambi Pur Air Effects Lavender Vanilla &amp; Comfort Air freshener | 275g" href="/product/ambi-pur-air-effects-lavender-vanilla-and-comfort-air-freshener-275g-8161900"><span style="box-sizing:border-box;display:inline-block;overflow:hidden;width:initial;height:initial;background:none;opacity:1;border:0;margin:0;padding:0;position:relative;max-width:100%"><span style="box-sizing:border-box;display:block;width:initial;height:initial;background:none;opacity:1;border:0;margin:0;padding:0;max-width:100%"><img style="display:block;max-width:100%;width:initial;height:initial;background:none;opacity:1;border:0;margin:0;padding:0" alt="" aria-hidden="true" src="data:image/svg+xml,%3csvg%20xmlns=%27http://www.w3.org/2000/svg%27%20version=%271.1%27%20width=%27200%27%20height=%27200%27/%3e"/></span><img alt="Ambi Pur Air Effects Lavender Vanilla &amp; Comfort Air freshener | 275g" data-testid="product-image" src="data:image/gif;base64,R0lGODlhAQABAIAAAAAAAP///yH5BAEAAAAALAAAAAABAAEAAAIBRAA7" decoding="async" data-nimg="intrinsic" style="position:absolute;top:0;left:0;bottom:0;right:0;box-sizing:border-box;padding:0;border:none;margin:auto;display:block;width:0;height:0;min-width:100%;max-width:100%;min-height:100%;max-height:100%"/><noscript><img alt="Ambi Pur Air Effects Lavender Vanilla &amp; Comfort Air freshener | 275g" data-testid="product-image" srcSet="https://productimages.coles.com.au/productimages/8/8161900.jpg?w=200 1x, https://productimages.coles.com.au/productimages/8/8161900.jpg?w=200 2x" src="https://productimages.coles.com.au/productimages/8/8161900.jpg?w=200" decoding="async" data-nimg="intrinsic" style="position:absolute;top:0;left:0;bottom:0;right:0;box-sizing:border-box;padding:0;border:none;margin:auto;display:block;width:0;height:0;min-width:100%;max-width:100%;min-height:100%;max-height:100%" loading="lazy"/></noscript></span></a></div><div class="product__message-title_area"><a class="product__link" tabindex="-1" href="/product/ambi-pur-air-effects-lavender-vanilla-and-comfort-air-freshener-275g-8161900"><h2 class="LinesEllipsis  product__title">Ambi Pur Air Effects Lavender Vanilla &amp; Comfort Air freshener | 275g<wbr/></h2></a><div aria-hidden="true" class="product__pricing_area show-on-small-screen" data-testid="small-screen-pricing"><section class="sc-13943253-0 crixsy product__pricing product__pricing" data-testid="product_price"><div class="price"><span class="price__value" data-testid="product-pricing" aria-label="Price $6.00">$6.00</span></div><span class="price__calculation_method">$2.18 per 100g</span></section></div></div></header></div><div class="product__cta_section"><div aria-hidden="false" class="product__pricing_area hide-on-small-screen" data-testid="large-screen-pricing"><section class="sc-13943253-0 crixsy product__pricing product__pricing" data-testid="product_price"><div class="price"><span class="price__value" data-testid="product-pricing" aria-label="Price $6.00">$6.00</span></div><span class="price__calculation_method">$2.18 per 100g</span></section></div><div><div class="product__lists_cta_wrapper"><div data-testid="add-to-cart" class="sc-92165882-0 jEVjBd product__add_to_cart product__add_to_cart"><button data-testid="add-to-cart-button" aria-label="Add Ambi Pur Air Effects Lavender Vanilla &amp; Comfort Air freshener to the trolley" class="sc-89ccdc56-0 geKTLL product-tiles-btn coles-targeting-ButtonButton button"><span aria-hidden="false" class="sc-d0f9d37-0 cFnpaQ coles-targeting-ButtonButtonChildContainer"><svg focusable="false" xmlns="http://www.w3.org/2000/svg" width="24" height="24" viewBox="0 0 24 24"><g fill="none" fill-rule="evenodd"><path stroke="currentColor" stroke-linecap="round" stroke-linejoin="round" stroke-width="2" vector-effect="non-scaling-stroke" d="M8,22 C8.55228475,22 9,21.5522847 9,21 C9,20.4477153 8.55228475,20 8,20 C7.44771525,20 7,20.4477153 7,21 C7,21.5522847 7.44771525,22 8,22 Z M18,22 C18.5522847,22 19,21.5522847 19,21 C19,20.4477153 18.5522847,20 18,20 C17.4477153,20 17,20.4477153 17,21 C17,21.5522847 17.4477153,22 18,22 Z M2,3 L4.5,3 L6.68,14.39 C6.86873697,15.3402315 7.71138394,16.0185624 8.68,16 L17.4,16 C18.3686161,16.0185624 19.211263,15.3402315 19.4,14.39 L21,7 M13,12 L13,6 M10,9 L16,9"></path></g></svg>Add</span></button></div></div></div></div></section><section data-testid="product-tile" class="sc-219848b8-0 ictfiu"><div class="sc-219848b8-1 jiBIlJ coles-targeting-ProductTileHeaderWrapper"><header class="product__header"><div class="product__image_area"><a class="product__link product__image" aria-label="Air Wick Mini Scents Frangipani Air Freshener Refill Pack | 120g" href="/product/air-wick-mini-scents-frangipani-air-freshener-refill-pack-120g-5938205"><span style="box-sizing:border-box;display:inline-block;overflow:hidden;width:initial;height:initial;background:none;opacity:1;border:0;margin:0;padding:0;position:relative;max-width:100%"><span style="box-sizing:border-box;display:block;width:initial;height:initial;background:none;opacity:1;border:0;margin:0;padding:0;max-width:100%"><img style="display:block;max-width:100%;width:initial;height:initial;background:none;opacity:1;border:0;margin:0;padding:0" alt="" aria-hidden="true" src="data:image/svg+xml,%3csvg%20xmlns=%27http://www.w3.org/2000/svg%27%20version=%271.1%27%20width=%27200%27%20height=%27200%27/%3e"/></span><img alt="Air Wick Mini Scents Frangipani Air Freshener Refill Pack | 120g" data-testid="product-image" src="data:image/gif;base64,R0lGODlhAQABAIAAAAAAAP///yH5BAEAAAAALAAAAAABAAEAAAIBRAA7" decoding="async" data-nimg="intrinsic" style="position:absolute;top:0;left:0;bottom:0;right:0;box-sizing:border-box;padding:0;border:none;margin:auto;display:block;width:0;height:0;min-width:100%;max-width:100%;min-height:100%;max-height:100%"/><noscript><img alt="Air Wick Mini Scents Frangipani Air Freshener Refill Pack | 120g" data-testid="product-image" srcSet="https://productimages.coles.com.au/productimages/5/5938205.jpg?w=200 1x, https://productimages.coles.com.au/productimages/5/5938205.jpg?w=200 2x" src="https://productimages.coles.com.au/productimages/5/5938205.jpg?w=200" decoding="async" data-nimg="intrinsic" style="position:absolute;top:0;left:0;bottom:0;right:0;box-sizing:border-box;padding:0;border:none;margin:auto;display:block;width:0;height:0;min-width:100%;max-width:100%;min-height:100%;max-height:100%" loading="lazy"/></noscript></span></a></div><div class="product__message-title_area"><a class="product__link" tabindex="-1" href="/product/air-wick-mini-scents-frangipani-air-freshener-refill-pack-120g-5938205"><h2 class="LinesEllipsis  product__title">Air Wick Mini Scents Frangipani Air Freshener Refill Pack | 120g<wbr/></h2></a><span data-testid="every-day" class="sc-fe6dff31-0 bzEQpA product__badge product__badge"><span class="roundel-text every-day">EVERY DAY</span></span><div aria-hidden="true" class="product__pricing_area show-on-small-screen" data-testid="small-screen-pricing"><section class="sc-13943253-0 crixsy product__pricing product__pricing" data-testid="product_price"><div class="price"><span class="price__value" data-testid="product-pricing" aria-label="Price $5.00">$5.00</span></div><span class="price__calculation_method">$4.17 per 100g</span></section></div></div></header></div><div class="product__cta_section"><div aria-hidden="false" class="product__pricing_area hide-on-small-screen" data-testid="large-screen-pricing"><section class="sc-13943253-0 crixsy product__pricing product__pricing" data-testid="product_price"><div class="price"><span class="price__value" data-testid="product-pricing" aria-label="Price $5.00">$5.00</span></div><span class="price__calculation_method">$4.17 per 100g</span></section></div><div><div class="product__lists_cta_wrapper"><div data-testid="add-to-cart" class="sc-92165882-0 jEVjBd product__add_to_cart product__add_to_cart"><button data-testid="add-to-cart-button" aria-label="Add Air Wick Mini Scents Frangipani Air Freshener Refill Pack to the trolley" class="sc-89ccdc56-0 geKTLL product-tiles-btn coles-targeting-ButtonButton button"><span aria-hidden="false" class="sc-d0f9d37-0 cFnpaQ coles-targeting-ButtonButtonChildContainer"><svg focusable="false" xmlns="http://www.w3.org/2000/svg" width="24" height="24" viewBox="0 0 24 24"><g fill="none" fill-rule="evenodd"><path stroke="currentColor" stroke-linecap="round" stroke-linejoin="round" stroke-width="2" vector-effect="non-scaling-stroke" d="M8,22 C8.55228475,22 9,21.5522847 9,21 C9,20.4477153 8.55228475,20 8,20 C7.44771525,20 7,20.4477153 7,21 C7,21.5522847 7.44771525,22 8,22 Z M18,22 C18.5522847,22 19,21.5522847 19,21 C19,20.4477153 18.5522847,20 18,20 C17.4477153,20 17,20.4477153 17,21 C17,21.5522847 17.4477153,22 18,22 Z M2,3 L4.5,3 L6.68,14.39 C6.86873697,15.3402315 7.71138394,16.0185624 8.68,16 L17.4,16 C18.3686161,16.0185624 19.211263,15.3402315 19.4,14.39 L21,7 M13,12 L13,6 M10,9 L16,9"></path></g></svg>Add</span></button></div></div></div></div></section><section data-testid="product-tile" class="sc-219848b8-0 ictfiu"><div class="sc-219848b8-1 jiBIlJ coles-targeting-ProductTileHeaderWrapper"><header class="product__header"><div class="product__image_area"><a class="product__link product__image" aria-label="Glade Solid Air Freshener Floral Whisper | 180g" href="/product/glade-solid-air-freshener-floral-whisper-180g-4886150"><span style="box-sizing:border-box;display:inline-block;overflow:hidden;width:initial;height:initial;background:none;opacity:1;border:0;margin:0;padding:0;position:relative;max-width:100%"><span style="box-sizing:border-box;display:block;width:initial;height:initial;background:none;opacity:1;border:0;margin:0;padding:0;max-width:100%"><img style="display:block;max-width:100%;width:initial;height:initial;background:none;opacity:1;border:0;margin:0;padding:0" alt="" aria-hidden="true" src="data:image/svg+xml,%3csvg%20xmlns=%27http://www.w3.org/2000/svg%27%20version=%271.1%27%20width=%27200%27%20height=%27200%27/%3e"/></span><img alt="Glade Solid Air Freshener Floral Whisper | 180g" data-testid="product-image" src="data:image/gif;base64,R0lGODlhAQABAIAAAAAAAP///yH5BAEAAAAALAAAAAABAAEAAAIBRAA7" decoding="async" data-nimg="intrinsic" style="position:absolute;top:0;left:0;bottom:0;right:0;box-sizing:border-box;padding:0;border:none;margin:auto;display:block;width:0;height:0;min-width:100%;max-width:100%;min-height:100%;max-height:100%"/><noscript><img alt="Glade Solid Air Freshener Floral Whisper | 180g" data-testid="product-image" srcSet="https://productimages.coles.com.au/productimages/4/4886150.jpg?w=200 1x, https://productimages.coles.com.au/productimages/4/4886150.jpg?w=200 2x" src="https://productimages.coles.com.au/productimages/4/4886150.jpg?w=200" decoding="async" data-nimg="intrinsic" style="position:absolute;top:0;left:0;bottom:0;right:0;box-sizing:border-box;padding:0;border:none;margin:auto;display:block;width:0;height:0;min-width:100%;max-width:100%;min-height:100%;max-height:100%" loading="lazy"/></noscript></span></a></div><div class="product__message-title_area"><a class="product__link" tabindex="-1" href="/product/glade-solid-air-freshener-floral-whisper-180g-4886150"><h2 class="LinesEllipsis  product__title">Glade Solid Air Freshener Floral Whisper | 180g<wbr/></h2></a><span data-testid="down-down" class="sc-fe6dff31-0 bzEQpA product__badge product__badge"><span class="roundel-text down-down">DOWN DOWN</span></span><div aria-hidden="true" class="product__pricing_area show-on-small-screen" data-testid="small-screen-pricing"><section class="sc-13943253-0 crixsy product__pricing product__pricing" data-testid="product_price"><div class="price"><span class="price__value" data-testid="product-pricing" aria-label="Price $3.75">$3.75</span></div><span class="price__calculation_method">$2.08 per 100g<span class="price__was"> | <!-- -->Was $4.00 on Nov 2022<!-- --> </span></span></section></div></div></header></div><div class="product__cta_section"><div aria-hidden="false" class="product__pricing_area hide-on-small-screen" data-testid="large-screen-pricing"><section class="sc-13943253-0 crixsy product__pricing product__pricing" data-testid="product_price"><div class="price"><span class="price__value" data-testid="product-pricing" aria-label="Price $3.75">$3.75</span></div><span class="price__calculation_method">$2.08 per 100g<span class="price__was"> | <!-- -->Was $4.00 on Nov 2022<!-- --> </span></span></section></div><div><div class="product__lists_cta_wrapper"><div data-testid="add-to-cart" class="sc-92165882-0 jEVjBd product__add_to_cart product__add_to_cart"><button data-testid="add-to-cart-button" aria-label="Add Glade Solid Air Freshener Floral Whisper to the trolley" class="sc-89ccdc56-0 geKTLL product-tiles-btn coles-targeting-ButtonButton button"><span aria-hidden="false" class="sc-d0f9d37-0 cFnpaQ coles-targeting-ButtonButtonChildContainer"><svg focusable="false" xmlns="http://www.w3.org/2000/svg" width="24" height="24" viewBox="0 0 24 24"><g fill="none" fill-rule="evenodd"><path stroke="currentColor" stroke-linecap="round" stroke-linejoin="round" stroke-width="2" vector-effect="non-scaling-stroke" d="M8,22 C8.55228475,22 9,21.5522847 9,21 C9,20.4477153 8.55228475,20 8,20 C7.44771525,20 7,20.4477153 7,21 C7,21.5522847 7.44771525,22 8,22 Z M18,22 C18.5522847,22 19,21.5522847 19,21 C19,20.4477153 18.5522847,20 18,20 C17.4477153,20 17,20.4477153 17,21 C17,21.5522847 17.4477153,22 18,22 Z M2,3 L4.5,3 L6.68,14.39 C6.86873697,15.3402315 7.71138394,16.0185624 8.68,16 L17.4,16 C18.3686161,16.0185624 19.211263,15.3402315 19.4,14.39 L21,7 M13,12 L13,6 M10,9 L16,9"></path></g></svg>Add</span></button></div></div></div></div></section><section data-testid="product-tile" class="sc-219848b8-0 ictfiu"><div class="sc-219848b8-1 jiBIlJ coles-targeting-ProductTileHeaderWrapper"><header class="product__header"><div class="product__image_area"><a class="product__link product__image" aria-label="Glen 20 Summer Garden Disinfectant Spray | 300g" href="/product/glen-20-summer-garden-disinfectant-spray-300g-3314796"><span style="box-sizing:border-box;display:inline-block;overflow:hidden;width:initial;height:initial;background:none;opacity:1;border:0;margin:0;padding:0;position:relative;max-width:100%"><span style="box-sizing:border-box;display:block;width:initial;height:initial;background:none;opacity:1;border:0;margin:0;padding:0;max-width:100%"><img style="display:block;max-width:100%;width:initial;height:initial;background:none;opacity:1;border:0;margin:0;padding:0" alt="" aria-hidden="true" src="data:image/svg+xml,%3csvg%20xmlns=%27http://www.w3.org/2000/svg%27%20version=%271.1%27%20width=%27200%27%20height=%27200%27/%3e"/></span><img alt="Glen 20 Summer Garden Disinfectant Spray | 300g" data-testid="product-image" src="data:image/gif;base64,R0lGODlhAQABAIAAAAAAAP///yH5BAEAAAAALAAAAAABAAEAAAIBRAA7" decoding="async" data-nimg="intrinsic" style="position:absolute;top:0;left:0;bottom:0;right:0;box-sizing:border-box;padding:0;border:none;margin:auto;display:block;width:0;height:0;min-width:100%;max-width:100%;min-height:100%;max-height:100%"/><noscript><img alt="Glen 20 Summer Garden Disinfectant Spray | 300g" data-testid="product-image" srcSet="https://productimages.coles.com.au/productimages/3/3314796.jpg?w=200 1x, https://productimages.coles.com.au/productimages/3/3314796.jpg?w=200 2x" src="https://productimages.coles.com.au/productimages/3/3314796.jpg?w=200" decoding="async" data-nimg="intrinsic" style="position:absolute;top:0;left:0;bottom:0;right:0;box-sizing:border-box;padding:0;border:none;margin:auto;display:block;width:0;height:0;min-width:100%;max-width:100%;min-height:100%;max-height:100%" loading="lazy"/></noscript></span></a></div><div class="product__message-title_area"><a class="product__link" tabindex="-1" href="/product/glen-20-summer-garden-disinfectant-spray-300g-3314796"><h2 class="LinesEllipsis  product__title">Glen 20 Summer Garden Disinfectant Spray | 300g<wbr/></h2></a><span data-testid="simple-fixed-price-specials" class="sc-fe6dff31-0 kStxxR product__badge product__badge"><span class="roundel-text simple-fixed-price-specials">SPECIAL</span></span><div aria-hidden="true" class="product__pricing_area show-on-small-screen" data-testid="small-screen-pricing"><section class="sc-13943253-0 crixsy product__pricing product__pricing" data-testid="product_price"><div class="price"><span class="price__value" data-testid="product-pricing" aria-label="Price $7.10">$7.10</span><span data-testid="badge-wrapper" type="savings" class="sc-c74b40a4-0 ezeMjE badge is-small badge is-small"><section aria-label="" class="badge-label">Save $2.40</section></span></div><span class="price__calculation_method">$2.37 per 100g<span class="price__was"> | Was $9.50</span></span></section></div></div></header></div><div class="product__cta_section"><div aria-hidden="false" class="product__pricing_area hide-on-small-screen" data-testid="large-screen-pricing"><section class="sc-13943253-0 crixsy product__pricing product__pricing" data-testid="product_price"><div class="price"><span class="price__value" data-testid="product-pricing" aria-label="Price $7.10">$7.10</span><span data-testid="badge-wrapper" type="savings" class="sc-c74b40a4-0 ezeMjE badge is-small badge is-small"><section aria-label="" class="badge-label">Save $2.40</section></span></div><span class="price__calculation_method">$2.37 per 100g<span class="price__was"> | Was $9.50</span></span></section></div><div><div class="product__lists_cta_wrapper"><div data-testid="add-to-cart" class="sc-92165882-0 jEVjBd product__add_to_cart product__add_to_cart"><button data-testid="add-to-cart-button" aria-label="Add Glen 20 Summer Garden Disinfectant Spray to the trolley" class="sc-89ccdc56-0 geKTLL product-tiles-btn coles-targeting-ButtonButton button"><span aria-hidden="false" class="sc-d0f9d37-0 cFnpaQ coles-targeting-ButtonButtonChildContainer"><svg focusable="false" xmlns="http://www.w3.org/2000/svg" width="24" height="24" viewBox="0 0 24 24"><g fill="none" fill-rule="evenodd"><path stroke="currentColor" stroke-linecap="round" stroke-linejoin="round" stroke-width="2" vector-effect="non-scaling-stroke" d="M8,22 C8.55228475,22 9,21.5522847 9,21 C9,20.4477153 8.55228475,20 8,20 C7.44771525,20 7,20.4477153 7,21 C7,21.5522847 7.44771525,22 8,22 Z M18,22 C18.5522847,22 19,21.5522847 19,21 C19,20.4477153 18.5522847,20 18,20 C17.4477153,20 17,20.4477153 17,21 C17,21.5522847 17.4477153,22 18,22 Z M2,3 L4.5,3 L6.68,14.39 C6.86873697,15.3402315 7.71138394,16.0185624 8.68,16 L17.4,16 C18.3686161,16.0185624 19.211263,15.3402315 19.4,14.39 L21,7 M13,12 L13,6 M10,9 L16,9"></path></g></svg>Add</span></button></div></div></div></div></section><section data-testid="product-tile" class="sc-219848b8-0 emkMhD"><div class="sc-219848b8-1 jiBIlJ coles-targeting-ProductTileHeaderWrapper"><header class="product__header"><div class="product__image_area"><a class="product__link product__image" aria-label="Air Wick Pure Aerosol White Vanilla | 159g" href="/product/air-wick-pure-aerosol-white-vanilla-159g-3737370"><span style="box-sizing:border-box;display:inline-block;overflow:hidden;width:initial;height:initial;background:none;opacity:1;border:0;margin:0;padding:0;position:relative;max-width:100%"><span style="box-sizing:border-box;display:block;width:initial;height:initial;background:none;opacity:1;border:0;margin:0;padding:0;max-width:100%"><img style="display:block;max-width:100%;width:initial;height:initial;background:none;opacity:1;border:0;margin:0;padding:0" alt="" aria-hidden="true" src="data:image/svg+xml,%3csvg%20xmlns=%27http://www.w3.org/2000/svg%27%20version=%271.1%27%20width=%27200%27%20height=%27200%27/%3e"/></span><img alt="Air Wick Pure Aerosol White Vanilla | 159g" data-testid="product-image" src="data:image/gif;base64,R0lGODlhAQABAIAAAAAAAP///yH5BAEAAAAALAAAAAABAAEAAAIBRAA7" decoding="async" data-nimg="intrinsic" style="position:absolute;top:0;left:0;bottom:0;right:0;box-sizing:border-box;padding:0;border:none;margin:auto;display:block;width:0;height:0;min-width:100%;max-width:100%;min-height:100%;max-height:100%"/><noscript><img alt="Air Wick Pure Aerosol White Vanilla | 159g" data-testid="product-image" srcSet="https://productimages.coles.com.au/productimages/3/3737370.jpg?w=200 1x, https://productimages.coles.com.au/productimages/3/3737370.jpg?w=200 2x" src="https://productimages.coles.com.au/productimages/3/3737370.jpg?w=200" decoding="async" data-nimg="intrinsic" style="position:absolute;top:0;left:0;bottom:0;right:0;box-sizing:border-box;padding:0;border:none;margin:auto;display:block;width:0;height:0;min-width:100%;max-width:100%;min-height:100%;max-height:100%" loading="lazy"/></noscript></span></a></div><div class="product__message-title_area"><a class="product__link" tabindex="-1" href="/product/air-wick-pure-aerosol-white-vanilla-159g-3737370"><h2 class="LinesEllipsis  product__title">Air Wick Pure Aerosol White Vanilla | 159g<wbr/></h2></a><span data-testid="complex-promotion-online-only" class="sc-fe6dff31-0 kStxxR product__badge product__badge"><span class="roundel-text complex-promotion-online-only">ONLINE ONLY</span></span><div aria-hidden="true" class="product__pricing_area show-on-small-screen" data-testid="small-screen-pricing"><section class="sc-13943253-0 crixsy product__pricing product__pricing" data-testid="product_price"><div class="price"><span class="price__value" data-testid="product-pricing" aria-label="Price $8.00">$8.00</span></div><span class="price__calculation_method">$5.03 per 100g</span></section></div></div></header></div><div class="product__cta_section"><div aria-hidden="false" class="product__pricing_area hide-on-small-screen" data-testid="large-screen-pricing"><section class="sc-13943253-0 crixsy product__pricing product__pricing" data-testid="product_price"><div class="price"><span class="price__value" data-testid="product-pricing" aria-label="Price $8.00">$8.00</span></div><span class="price__calculation_method">$5.03 per 100g</span></section></div><div><div class="product__lists_cta_wrapper"><div data-testid="add-to-cart" class="sc-92165882-0 jEVjBd product__add_to_cart product__add_to_cart"><button data-testid="add-to-cart-button" aria-label="Add Air Wick Pure Aerosol White Vanilla to the trolley" class="sc-89ccdc56-0 geKTLL product-tiles-btn coles-targeting-ButtonButton button"><span aria-hidden="false" class="sc-d0f9d37-0 cFnpaQ coles-targeting-ButtonButtonChildContainer"><svg focusable="false" xmlns="http://www.w3.org/2000/svg" width="24" height="24" viewBox="0 0 24 24"><g fill="none" fill-rule="evenodd"><path stroke="currentColor" stroke-linecap="round" stroke-linejoin="round" stroke-width="2" vector-effect="non-scaling-stroke" d="M8,22 C8.55228475,22 9,21.5522847 9,21 C9,20.4477153 8.55228475,20 8,20 C7.44771525,20 7,20.4477153 7,21 C7,21.5522847 7.44771525,22 8,22 Z M18,22 C18.5522847,22 19,21.5522847 19,21 C19,20.4477153 18.5522847,20 18,20 C17.4477153,20 17,20.4477153 17,21 C17,21.5522847 17.4477153,22 18,22 Z M2,3 L4.5,3 L6.68,14.39 C6.86873697,15.3402315 7.71138394,16.0185624 8.68,16 L17.4,16 C18.3686161,16.0185624 19.211263,15.3402315 19.4,14.39 L21,7 M13,12 L13,6 M10,9 L16,9"></path></g></svg>Add</span></button></div></div></div></div></section><section data-testid="product-tile" class="sc-219848b8-0 ictfiu"><div class="sc-219848b8-1 jiBIlJ coles-targeting-ProductTileHeaderWrapper"><header class="product__header"><div class="product__image_area"><a class="product__link product__image" aria-label="Air Wick Life Scents Turquoise Oasis Liquid Electrical Prime | 19mL" href="/product/air-wick-life-scents-turquoise-oasis-liquid-electrical-prime-19ml-2348420"><span style="box-sizing:border-box;display:inline-block;overflow:hidden;width:initial;height:initial;background:none;opacity:1;border:0;margin:0;padding:0;position:relative;max-width:100%"><span style="box-sizing:border-box;display:block;width:initial;height:initial;background:none;opacity:1;border:0;margin:0;padding:0;max-width:100%"><img style="display:block;max-width:100%;width:initial;height:initial;background:none;opacity:1;border:0;margin:0;padding:0" alt="" aria-hidden="true" src="data:image/svg+xml,%3csvg%20xmlns=%27http://www.w3.org/2000/svg%27%20version=%271.1%27%20width=%27200%27%20height=%27200%27/%3e"/></span><img alt="Air Wick Life Scents Turquoise Oasis Liquid Electrical Prime | 19mL" data-testid="product-image" src="data:image/gif;base64,R0lGODlhAQABAIAAAAAAAP///yH5BAEAAAAALAAAAAABAAEAAAIBRAA7" decoding="async" data-nimg="intrinsic" style="position:absolute;top:0;left:0;bottom:0;right:0;box-sizing:border-box;padding:0;border:none;margin:auto;display:block;width:0;height:0;min-width:100%;max-width:100%;min-height:100%;max-height:100%"/><noscript><img alt="Air Wick Life Scents Turquoise Oasis Liquid Electrical Prime | 19mL" data-testid="product-image" srcSet="https://productimages.coles.com.au/productimages/2/2348420.jpg?w=200 1x, https://productimages.coles.com.au/productimages/2/2348420.jpg?w=200 2x" src="https://productimages.coles.com.au/productimages/2/2348420.jpg?w=200" decoding="async" data-nimg="intrinsic" style="position:absolute;top:0;left:0;bottom:0;right:0;box-sizing:border-box;padding:0;border:none;margin:auto;display:block;width:0;height:0;min-width:100%;max-width:100%;min-height:100%;max-height:100%" loading="lazy"/></noscript></span></a></div><div class="product__message-title_area"><a class="product__link" tabindex="-1" href="/product/air-wick-life-scents-turquoise-oasis-liquid-electrical-prime-19ml-2348420"><h2 class="LinesEllipsis  product__title">Air Wick Life Scents Turquoise Oasis Liquid Electrical Prime | 19mL<wbr/></h2></a><div aria-hidden="true" class="product__pricing_area show-on-small-screen" data-testid="small-screen-pricing"><section class="sc-13943253-0 crixsy product__pricing product__pricing" data-testid="product_price"><div class="price"><span class="price__value" data-testid="product-pricing" aria-label="Price $14.00">$14.00</span></div><span class="price__calculation_method">$7.37 per 10mL</span></section></div></div></header></div><div class="product__cta_section"><div aria-hidden="false" class="product__pricing_area hide-on-small-screen" data-testid="large-screen-pricing"><section class="sc-13943253-0 crixsy product__pricing product__pricing" data-testid="product_price"><div class="price"><span class="price__value" data-testid="product-pricing" aria-label="Price $14.00">$14.00</span></div><span class="price__calculation_method">$7.37 per 10mL</span></section></div><div><div class="product__lists_cta_wrapper"><div data-testid="add-to-cart" class="sc-92165882-0 jEVjBd product__add_to_cart product__add_to_cart"><button data-testid="add-to-cart-button" aria-label="Add Air Wick Life Scents Turquoise Oasis Liquid Electrical Prime to the trolley" class="sc-89ccdc56-0 geKTLL product-tiles-btn coles-targeting-ButtonButton button"><span aria-hidden="false" class="sc-d0f9d37-0 cFnpaQ coles-targeting-ButtonButtonChildContainer"><svg focusable="false" xmlns="http://www.w3.org/2000/svg" width="24" height="24" viewBox="0 0 24 24"><g fill="none" fill-rule="evenodd"><path stroke="currentColor" stroke-linecap="round" stroke-linejoin="round" stroke-width="2" vector-effect="non-scaling-stroke" d="M8,22 C8.55228475,22 9,21.5522847 9,21 C9,20.4477153 8.55228475,20 8,20 C7.44771525,20 7,20.4477153 7,21 C7,21.5522847 7.44771525,22 8,22 Z M18,22 C18.5522847,22 19,21.5522847 19,21 C19,20.4477153 18.5522847,20 18,20 C17.4477153,20 17,20.4477153 17,21 C17,21.5522847 17.4477153,22 18,22 Z M2,3 L4.5,3 L6.68,14.39 C6.86873697,15.3402315 7.71138394,16.0185624 8.68,16 L17.4,16 C18.3686161,16.0185624 19.211263,15.3402315 19.4,14.39 L21,7 M13,12 L13,6 M10,9 L16,9"></path></g></svg>Add</span></button></div></div></div></div></section><section data-testid="product-tile" class="sc-219848b8-0 ictfiu"><div class="sc-219848b8-1 jiBIlJ coles-targeting-ProductTileHeaderWrapper"><header class="product__header"><div class="product__image_area"><a class="product__link product__image" aria-label="Air Wick Pure Spring Delight Fragance Infused With Essential Oil 19mL | 1 pack" href="/product/air-wick-pure-spring-delight-fragance-infused-with-essential-oil-19ml-1-pack-3411045"><span style="box-sizing:border-box;display:inline-block;overflow:hidden;width:initial;height:initial;background:none;opacity:1;border:0;margin:0;padding:0;position:relative;max-width:100%"><span style="box-sizing:border-box;display:block;width:initial;height:initial;background:none;opacity:1;border:0;margin:0;padding:0;max-width:100%"><img style="display:block;max-width:100%;width:initial;height:initial;background:none;opacity:1;border:0;margin:0;padding:0" alt="" aria-hidden="true" src="data:image/svg+xml,%3csvg%20xmlns=%27http://www.w3.org/2000/svg%27%20version=%271.1%27%20width=%27200%27%20height=%27200%27/%3e"/></span><img alt="Air Wick Pure Spring Delight Fragance Infused With Essential Oil 19mL | 1 pack" data-testid="product-image" src="data:image/gif;base64,R0lGODlhAQABAIAAAAAAAP///yH5BAEAAAAALAAAAAABAAEAAAIBRAA7" decoding="async" data-nimg="intrinsic" style="position:absolute;top:0;left:0;bottom:0;right:0;box-sizing:border-box;padding:0;border:none;margin:auto;display:block;width:0;height:0;min-width:100%;max-width:100%;min-height:100%;max-height:100%"/><noscript><img alt="Air Wick Pure Spring Delight Fragance Infused With Essential Oil 19mL | 1 pack" data-testid="product-image" srcSet="https://productimages.coles.com.au/productimages/3/3411045.jpg?w=200 1x, https://productimages.coles.com.au/productimages/3/3411045.jpg?w=200 2x" src="https://productimages.coles.com.au/productimages/3/3411045.jpg?w=200" decoding="async" data-nimg="intrinsic" style="position:absolute;top:0;left:0;bottom:0;right:0;box-sizing:border-box;padding:0;border:none;margin:auto;display:block;width:0;height:0;min-width:100%;max-width:100%;min-height:100%;max-height:100%" loading="lazy"/></noscript></span></a></div><div class="product__message-title_area"><a class="product__link" tabindex="-1" href="/product/air-wick-pure-spring-delight-fragance-infused-with-essential-oil-19ml-1-pack-3411045"><h2 class="LinesEllipsis  product__title">Air Wick Pure Spring Delight Fragance Infused With Essential Oil 19mL | 1 pack<wbr/></h2></a><div aria-hidden="true" class="product__pricing_area show-on-small-screen" data-testid="small-screen-pricing"><section class="sc-13943253-0 crixsy product__pricing product__pricing" data-testid="product_price"><div class="price"><span class="price__value" data-testid="product-pricing" aria-label="Price $14.00">$14.00</span></div><span class="price__calculation_method">$14.00 per 1ea</span></section></div></div></header></div><div class="product__cta_section"><div aria-hidden="false" class="product__pricing_area hide-on-small-screen" data-testid="large-screen-pricing"><section class="sc-13943253-0 crixsy product__pricing product__pricing" data-testid="product_price"><div class="price"><span class="price__value" data-testid="product-pricing" aria-label="Price $14.00">$14.00</span></div><span class="price__calculation_method">$14.00 per 1ea</span></section></div><div><div class="product__lists_cta_wrapper"><div data-testid="add-to-cart" class="sc-92165882-0 jEVjBd product__add_to_cart product__add_to_cart"><button data-testid="add-to-cart-button" aria-label="Add Air Wick Pure Spring Delight Fragance Infused With Essential Oil 19mL to the trolley" class="sc-89ccdc56-0 geKTLL product-tiles-btn coles-targeting-ButtonButton button"><span aria-hidden="false" class="sc-d0f9d37-0 cFnpaQ coles-targeting-ButtonButtonChildContainer"><svg focusable="false" xmlns="http://www.w3.org/2000/svg" width="24" height="24" viewBox="0 0 24 24"><g fill="none" fill-rule="evenodd"><path stroke="currentColor" stroke-linecap="round" stroke-linejoin="round" stroke-width="2" vector-effect="non-scaling-stroke" d="M8,22 C8.55228475,22 9,21.5522847 9,21 C9,20.4477153 8.55228475,20 8,20 C7.44771525,20 7,20.4477153 7,21 C7,21.5522847 7.44771525,22 8,22 Z M18,22 C18.5522847,22 19,21.5522847 19,21 C19,20.4477153 18.5522847,20 18,20 C17.4477153,20 17,20.4477153 17,21 C17,21.5522847 17.4477153,22 18,22 Z M2,3 L4.5,3 L6.68,14.39 C6.86873697,15.3402315 7.71138394,16.0185624 8.68,16 L17.4,16 C18.3686161,16.0185624 19.211263,15.3402315 19.4,14.39 L21,7 M13,12 L13,6 M10,9 L16,9"></path></g></svg>Add</span></button></div></div></div></div></section><section data-testid="product-tile" class="sc-219848b8-0 ictfiu"><div class="sc-219848b8-1 jiBIlJ coles-targeting-ProductTileHeaderWrapper"><header class="product__header"><div class="product__image_area"><a class="product__link product__image" aria-label="Air Wick Pure Cherry Blossom Fragrance Spray | 157mL" href="/product/air-wick-pure-cherry-blossom-fragrance-spray-157ml-3448657"><span style="box-sizing:border-box;display:inline-block;overflow:hidden;width:initial;height:initial;background:none;opacity:1;border:0;margin:0;padding:0;position:relative;max-width:100%"><span style="box-sizing:border-box;display:block;width:initial;height:initial;background:none;opacity:1;border:0;margin:0;padding:0;max-width:100%"><img style="display:block;max-width:100%;width:initial;height:initial;background:none;opacity:1;border:0;margin:0;padding:0" alt="" aria-hidden="true" src="data:image/svg+xml,%3csvg%20xmlns=%27http://www.w3.org/2000/svg%27%20version=%271.1%27%20width=%27200%27%20height=%27200%27/%3e"/></span><img alt="Air Wick Pure Cherry Blossom Fragrance Spray | 157mL" data-testid="product-image" src="data:image/gif;base64,R0lGODlhAQABAIAAAAAAAP///yH5BAEAAAAALAAAAAABAAEAAAIBRAA7" decoding="async" data-nimg="intrinsic" style="position:absolute;top:0;left:0;bottom:0;right:0;box-sizing:border-box;padding:0;border:none;margin:auto;display:block;width:0;height:0;min-width:100%;max-width:100%;min-height:100%;max-height:100%"/><noscript><img alt="Air Wick Pure Cherry Blossom Fragrance Spray | 157mL" data-testid="product-image" srcSet="https://productimages.coles.com.au/productimages/3/3448657.jpg?w=200 1x, https://productimages.coles.com.au/productimages/3/3448657.jpg?w=200 2x" src="https://productimages.coles.com.au/productimages/3/3448657.jpg?w=200" decoding="async" data-nimg="intrinsic" style="position:absolute;top:0;left:0;bottom:0;right:0;box-sizing:border-box;padding:0;border:none;margin:auto;display:block;width:0;height:0;min-width:100%;max-width:100%;min-height:100%;max-height:100%" loading="lazy"/></noscript></span></a></div><div class="product__message-title_area"><a class="product__link" tabindex="-1" href="/product/air-wick-pure-cherry-blossom-fragrance-spray-157ml-3448657"><h2 class="LinesEllipsis  product__title">Air Wick Pure Cherry Blossom Fragrance Spray | 157mL<wbr/></h2></a><div aria-hidden="true" class="product__pricing_area show-on-small-screen" data-testid="small-screen-pricing"><section class="sc-13943253-0 crixsy product__pricing product__pricing" data-testid="product_price"><div class="price"><span class="price__value" data-testid="product-pricing" aria-label="Price $22.00">$22.00</span></div><span class="price__calculation_method">$14.01 per 1mL</span></section></div></div></header></div><div class="product__cta_section"><div aria-hidden="false" class="product__pricing_area hide-on-small-screen" data-testid="large-screen-pricing"><section class="sc-13943253-0 crixsy product__pricing product__pricing" data-testid="product_price"><div class="price"><span class="price__value" data-testid="product-pricing" aria-label="Price $22.00">$22.00</span></div><span class="price__calculation_method">$14.01 per 1mL</span></section></div><div><div class="product__lists_cta_wrapper"><div data-testid="add-to-cart" class="sc-92165882-0 jEVjBd product__add_to_cart product__add_to_cart"><button data-testid="add-to-cart-button" aria-label="Add Air Wick Pure Cherry Blossom Fragrance Spray to the trolley" class="sc-89ccdc56-0 geKTLL product-tiles-btn coles-targeting-ButtonButton button"><span aria-hidden="false" class="sc-d0f9d37-0 cFnpaQ coles-targeting-ButtonButtonChildContainer"><svg focusable="false" xmlns="http://www.w3.org/2000/svg" width="24" height="24" viewBox="0 0 24 24"><g fill="none" fill-rule="evenodd"><path stroke="currentColor" stroke-linecap="round" stroke-linejoin="round" stroke-width="2" vector-effect="non-scaling-stroke" d="M8,22 C8.55228475,22 9,21.5522847 9,21 C9,20.4477153 8.55228475,20 8,20 C7.44771525,20 7,20.4477153 7,21 C7,21.5522847 7.44771525,22 8,22 Z M18,22 C18.5522847,22 19,21.5522847 19,21 C19,20.4477153 18.5522847,20 18,20 C17.4477153,20 17,20.4477153 17,21 C17,21.5522847 17.4477153,22 18,22 Z M2,3 L4.5,3 L6.68,14.39 C6.86873697,15.3402315 7.71138394,16.0185624 8.68,16 L17.4,16 C18.3686161,16.0185624 19.211263,15.3402315 19.4,14.39 L21,7 M13,12 L13,6 M10,9 L16,9"></path></g></svg>Add</span></button></div></div></div></div></section><section data-testid="product-tile" class="sc-219848b8-0 emkMhD"><div class="sc-219848b8-1 jiBIlJ coles-targeting-ProductTileHeaderWrapper"><header class="product__header"><div class="product__image_area"><a class="product__link product__image" aria-label="Botanica Vanilla &amp; Himalayan Magnolia Reed Diffuser | 80mL" href="/product/botanica-vanilla-and-himalayan-magnolia-reed-diffuser-80ml-3721326"><span style="box-sizing:border-box;display:inline-block;overflow:hidden;width:initial;height:initial;background:none;opacity:1;border:0;margin:0;padding:0;position:relative;max-width:100%"><span style="box-sizing:border-box;display:block;width:initial;height:initial;background:none;opacity:1;border:0;margin:0;padding:0;max-width:100%"><img style="display:block;max-width:100%;width:initial;height:initial;background:none;opacity:1;border:0;margin:0;padding:0" alt="" aria-hidden="true" src="data:image/svg+xml,%3csvg%20xmlns=%27http://www.w3.org/2000/svg%27%20version=%271.1%27%20width=%27200%27%20height=%27200%27/%3e"/></span><img alt="Botanica Vanilla &amp; Himalayan Magnolia Reed Diffuser | 80mL" data-testid="product-image" src="data:image/gif;base64,R0lGODlhAQABAIAAAAAAAP///yH5BAEAAAAALAAAAAABAAEAAAIBRAA7" decoding="async" data-nimg="intrinsic" style="position:absolute;top:0;left:0;bottom:0;right:0;box-sizing:border-box;padding:0;border:none;margin:auto;display:block;width:0;height:0;min-width:100%;max-width:100%;min-height:100%;max-height:100%"/><noscript><img alt="Botanica Vanilla &amp; Himalayan Magnolia Reed Diffuser | 80mL" data-testid="product-image" srcSet="https://productimages.coles.com.au/productimages/3/3721326.jpg?w=200 1x, https://productimages.coles.com.au/productimages/3/3721326.jpg?w=200 2x" src="https://productimages.coles.com.au/productimages/3/3721326.jpg?w=200" decoding="async" data-nimg="intrinsic" style="position:absolute;top:0;left:0;bottom:0;right:0;box-sizing:border-box;padding:0;border:none;margin:auto;display:block;width:0;height:0;min-width:100%;max-width:100%;min-height:100%;max-height:100%" loading="lazy"/></noscript></span></a></div><div class="product__message-title_area"><a class="product__link" tabindex="-1" href="/product/botanica-vanilla-and-himalayan-magnolia-reed-diffuser-80ml-3721326"><h2 class="LinesEllipsis  product__title">Botanica Vanilla &amp; Himalayan Magnolia Reed Diffuser | 80mL<wbr/></h2></a><span data-testid="complex-promotion-online-only" class="sc-fe6dff31-0 kStxxR product__badge product__badge"><span class="roundel-text complex-promotion-online-only">ONLINE ONLY</span></span><div aria-hidden="true" class="product__pricing_area show-on-small-screen" data-testid="small-screen-pricing"><section class="sc-13943253-0 crixsy product__pricing product__pricing" data-testid="product_price"><div class="price"><span class="price__value" data-testid="product-pricing" aria-label="Price $20.00">$20.00</span></div><span class="price__calculation_method">$25.00 per 100mL</span></section></div></div></header></div><div class="product__cta_section"><div aria-hidden="false" class="product__pricing_area hide-on-small-screen" data-testid="large-screen-pricing"><section class="sc-13943253-0 crixsy product__pricing product__pricing" data-testid="product_price"><div class="price"><span class="price__value" data-testid="product-pricing" aria-label="Price $20.00">$20.00</span></div><span class="price__calculation_method">$25.00 per 100mL</span></section></div><div><div class="product__lists_cta_wrapper"><div data-testid="add-to-cart" class="sc-92165882-0 jEVjBd product__add_to_cart product__add_to_cart"><button data-testid="add-to-cart-button" aria-label="Add Botanica Vanilla &amp; Himalayan Magnolia Reed Diffuser to the trolley" class="sc-89ccdc56-0 geKTLL product-tiles-btn coles-targeting-ButtonButton button"><span aria-hidden="false" class="sc-d0f9d37-0 cFnpaQ coles-targeting-ButtonButtonChildContainer"><svg focusable="false" xmlns="http://www.w3.org/2000/svg" width="24" height="24" viewBox="0 0 24 24"><g fill="none" fill-rule="evenodd"><path stroke="currentColor" stroke-linecap="round" stroke-linejoin="round" stroke-width="2" vector-effect="non-scaling-stroke" d="M8,22 C8.55228475,22 9,21.5522847 9,21 C9,20.4477153 8.55228475,20 8,20 C7.44771525,20 7,20.4477153 7,21 C7,21.5522847 7.44771525,22 8,22 Z M18,22 C18.5522847,22 19,21.5522847 19,21 C19,20.4477153 18.5522847,20 18,20 C17.4477153,20 17,20.4477153 17,21 C17,21.5522847 17.4477153,22 18,22 Z M2,3 L4.5,3 L6.68,14.39 C6.86873697,15.3402315 7.71138394,16.0185624 8.68,16 L17.4,16 C18.3686161,16.0185624 19.211263,15.3402315 19.4,14.39 L21,7 M13,12 L13,6 M10,9 L16,9"></path></g></svg>Add</span></button></div></div></div></div></section><section data-testid="product-tile" class="sc-219848b8-0 ictfiu"><div class="sc-219848b8-1 jiBIlJ coles-targeting-ProductTileHeaderWrapper"><header class="product__header"><div class="product__image_area"><a class="product__link product__image" aria-label="Coles Air Freshener Auto Refill Spray Vanilla Orchid &amp; Ylang Ylang | 180g" href="/product/coles-air-freshener-auto-refill-spray-vanilla-orchid-and-ylang-ylang-180g-2682659"><span style="box-sizing:border-box;display:inline-block;overflow:hidden;width:initial;height:initial;background:none;opacity:1;border:0;margin:0;padding:0;position:relative;max-width:100%"><span style="box-sizing:border-box;display:block;width:initial;height:initial;background:none;opacity:1;border:0;margin:0;padding:0;max-width:100%"><img style="display:block;max-width:100%;width:initial;height:initial;background:none;opacity:1;border:0;margin:0;padding:0" alt="" aria-hidden="true" src="data:image/svg+xml,%3csvg%20xmlns=%27http://www.w3.org/2000/svg%27%20version=%271.1%27%20width=%27200%27%20height=%27200%27/%3e"/></span><img alt="Coles Air Freshener Auto Refill Spray Vanilla Orchid &amp; Ylang Ylang | 180g" data-testid="product-image" src="data:image/gif;base64,R0lGODlhAQABAIAAAAAAAP///yH5BAEAAAAALAAAAAABAAEAAAIBRAA7" decoding="async" data-nimg="intrinsic" style="position:absolute;top:0;left:0;bottom:0;right:0;box-sizing:border-box;padding:0;border:none;margin:auto;display:block;width:0;height:0;min-width:100%;max-width:100%;min-height:100%;max-height:100%"/><noscript><img alt="Coles Air Freshener Auto Refill Spray Vanilla Orchid &amp; Ylang Ylang | 180g" data-testid="product-image" srcSet="https://productimages.coles.com.au/productimages/2/2682659.jpg?w=200 1x, https://productimages.coles.com.au/productimages/2/2682659.jpg?w=200 2x" src="https://productimages.coles.com.au/productimages/2/2682659.jpg?w=200" decoding="async" data-nimg="intrinsic" style="position:absolute;top:0;left:0;bottom:0;right:0;box-sizing:border-box;padding:0;border:none;margin:auto;display:block;width:0;height:0;min-width:100%;max-width:100%;min-height:100%;max-height:100%" loading="lazy"/></noscript></span></a></div><div class="product__message-title_area"><a class="product__link" tabindex="-1" href="/product/coles-air-freshener-auto-refill-spray-vanilla-orchid-and-ylang-ylang-180g-2682659"><h2 class="LinesEllipsis  product__title">Coles Air Freshener Auto Refill Spray Vanilla Orchid &amp; Ylang Ylang | 180g<wbr/></h2></a><div aria-hidden="true" class="product__pricing_area show-on-small-screen" data-testid="small-screen-pricing"><section class="sc-13943253-0 crixsy product__pricing product__pricing" data-testid="product_price"><div class="price"><span class="price__value" data-testid="product-pricing" aria-label="Price $4.30">$4.30</span></div><span class="price__calculation_method">$2.39 per 100g</span></section></div></div></header></div><div class="product__cta_section"><div aria-hidden="false" class="product__pricing_area hide-on-small-screen" data-testid="large-screen-pricing"><section class="sc-13943253-0 crixsy product__pricing product__pricing" data-testid="product_price"><div class="price"><span class="price__value" data-testid="product-pricing" aria-label="Price $4.30">$4.30</span></div><span class="price__calculation_method">$2.39 per 100g</span></section></div><div><div class="product__lists_cta_wrapper"><div data-testid="add-to-cart" class="sc-92165882-0 jEVjBd product__add_to_cart product__add_to_cart"><button data-testid="add-to-cart-button" aria-label="Add Coles Air Freshener Auto Refill Spray Vanilla Orchid &amp; Ylang Ylang to the trolley" class="sc-89ccdc56-0 geKTLL product-tiles-btn coles-targeting-ButtonButton button"><span aria-hidden="false" class="sc-d0f9d37-0 cFnpaQ coles-targeting-ButtonButtonChildContainer"><svg focusable="false" xmlns="http://www.w3.org/2000/svg" width="24" height="24" viewBox="0 0 24 24"><g fill="none" fill-rule="evenodd"><path stroke="currentColor" stroke-linecap="round" stroke-linejoin="round" stroke-width="2" vector-effect="non-scaling-stroke" d="M8,22 C8.55228475,22 9,21.5522847 9,21 C9,20.4477153 8.55228475,20 8,20 C7.44771525,20 7,20.4477153 7,21 C7,21.5522847 7.44771525,22 8,22 Z M18,22 C18.5522847,22 19,21.5522847 19,21 C19,20.4477153 18.5522847,20 18,20 C17.4477153,20 17,20.4477153 17,21 C17,21.5522847 17.4477153,22 18,22 Z M2,3 L4.5,3 L6.68,14.39 C6.86873697,15.3402315 7.71138394,16.0185624 8.68,16 L17.4,16 C18.3686161,16.0185624 19.211263,15.3402315 19.4,14.39 L21,7 M13,12 L13,6 M10,9 L16,9"></path></g></svg>Add</span></button></div></div></div></div></section></div><nav data-testid="pagination" aria-label="Pagination navigation"><ul class="sc-c6633df8-1 hyMvJd coles-targeting-PaginationPaginationUl"><li><button aria-label="Go to previous page" disabled="" id="pagination-button-previous" class="sc-89ccdc56-0 sc-c6633df8-3 fZOuPh frunSQ coles-targeting-ButtonButton button coles-targeting-PaginationPaginationBoundaryButton"><span aria-hidden="false" class="sc-d0f9d37-0 jNUVFE coles-targeting-ButtonButtonChildContainer"><svg focusable="false" xmlns="http://www.w3.org/2000/svg" width="24" height="24" viewBox="0 0 24 24"><g fill="none" fill-rule="evenodd"><polyline stroke="currentColor" stroke-linecap="round" stroke-linejoin="round" stroke-width="2" vector-effect="non-scaling-stroke" points="12 18 12 6 18 12 12 6 6 12" transform="rotate(-90 12 12)"></polyline></g></svg></span></button></li><li><style data-emotion="css 17zxn88">.css-17zxn88{font-family:"Roboto","Helvetica","Arial",sans-serif;font-weight:400;font-size:0.875rem;line-height:1.43;letter-spacing:0.01071em;border-radius:16px;text-align:center;box-sizing:border-box;min-width:32px;height:32px;padding:0 6px;margin:0 3px;color:rgba(0, 0, 0, 0.87);-webkit-transition:color 250ms cubic-bezier(0.4, 0, 0.2, 1) 0ms,background-color 250ms cubic-bezier(0.4, 0, 0.2, 1) 0ms;transition:color 250ms cubic-bezier(0.4, 0, 0.2, 1) 0ms,background-color 250ms cubic-bezier(0.4, 0, 0.2, 1) 0ms;}.css-17zxn88.Mui-focusVisible{background-color:rgba(0, 0, 0, 0.12);}.css-17zxn88.Mui-disabled{opacity:0.38;}.css-17zxn88:hover{background-color:rgba(0, 0, 0, 0.04);}@media (hover: none){.css-17zxn88:hover{background-color:transparent;}}.css-17zxn88.Mui-selected{background-color:rgba(0, 0, 0, 0.08);}.css-17zxn88.Mui-selected:hover{background-color:rgba(0, 0, 0, 0.12);}@media (hover: none){.css-17zxn88.Mui-selected:hover{background-color:rgba(0, 0, 0, 0.08);}}.css-17zxn88.Mui-selected.Mui-focusVisible{background-color:rgba(0, 0, 0, 0.2);}.css-17zxn88.Mui-selected.Mui-disabled{opacity:1;color:rgba(0, 0, 0, 0.26);background-color:rgba(0, 0, 0, 0.08);}.css-17zxn88.Mui-selected.Mui-disabled{color:rgba(0, 0, 0, 0.26);}</style><style data-emotion="css 1xr9krm">.css-1xr9krm{display:-webkit-inline-box;display:-webkit-inline-flex;display:-ms-inline-flexbox;display:inline-flex;-webkit-align-items:center;-webkit-box-align:center;-ms-flex-align:center;align-items:center;-webkit-box-pack:center;-ms-flex-pack:center;-webkit-justify-content:center;justify-content:center;position:relative;box-sizing:border-box;-webkit-tap-highlight-color:transparent;background-color:transparent;outline:0;border:0;margin:0;border-radius:0;padding:0;cursor:pointer;-webkit-user-select:none;-moz-user-select:none;-ms-user-select:none;user-select:none;vertical-align:middle;-moz-appearance:none;-webkit-appearance:none;-webkit-text-decoration:none;text-decoration:none;color:inherit;font-family:"Roboto","Helvetica","Arial",sans-serif;font-weight:400;font-size:0.875rem;line-height:1.43;letter-spacing:0.01071em;border-radius:16px;text-align:center;box-sizing:border-box;min-width:32px;height:32px;padding:0 6px;margin:0 3px;color:rgba(0, 0, 0, 0.87);-webkit-transition:color 250ms cubic-bezier(0.4, 0, 0.2, 1) 0ms,background-color 250ms cubic-bezier(0.4, 0, 0.2, 1) 0ms;transition:color 250ms cubic-bezier(0.4, 0, 0.2, 1) 0ms,background-color 250ms cubic-bezier(0.4, 0, 0.2, 1) 0ms;}.css-1xr9krm::-moz-focus-inner{border-style:none;}.css-1xr9krm.Mui-disabled{pointer-events:none;cursor:default;}@media print{.css-1xr9krm{-webkit-print-color-adjust:exact;color-adjust:exact;}}.css-1xr9krm.Mui-focusVisible{background-color:rgba(0, 0, 0, 0.12);}.css-1xr9krm.Mui-disabled{opacity:0.38;}.css-1xr9krm:hover{background-color:rgba(0, 0, 0, 0.04);}@media (hover: none){.css-1xr9krm:hover{background-color:transparent;}}.css-1xr9krm.Mui-selected{background-color:rgba(0, 0, 0, 0.08);}.css-1xr9krm.Mui-selected:hover{background-color:rgba(0, 0, 0, 0.12);}@media (hover: none){.css-1xr9krm.Mui-selected:hover{background-color:rgba(0, 0, 0, 0.08);}}.css-1xr9krm.Mui-selected.Mui-focusVisible{background-color:rgba(0, 0, 0, 0.2);}.css-1xr9krm.Mui-selected.Mui-disabled{opacity:1;color:rgba(0, 0, 0, 0.26);background-color:rgba(0, 0, 0, 0.08);}.css-1xr9krm.Mui-selected.Mui-disabled{color:rgba(0, 0, 0, 0.26);}</style><a class="MuiButtonBase-root MuiPaginationItem-root MuiPaginationItem-sizeMedium MuiPaginationItem-text MuiPaginationItem-circular Mui-selected MuiPaginationItem-page sc-c6633df8-4 bNaBNT coles-targeting-PaginationPaginationItem css-1xr9krm" tabindex="0" aria-current="true" aria-label="Page 1" id="pagination-button-page-1" href="/browse/household/air-fresheners-home-fragrance">1</a></li><li><style data-emotion="css 17zxn88">.css-17zxn88{font-family:"Roboto","Helvetica","Arial",sans-serif;font-weight:400;font-size:0.875rem;line-height:1.43;letter-spacing:0.01071em;border-radius:16px;text-align:center;box-sizing:border-box;min-width:32px;height:32px;padding:0 6px;margin:0 3px;color:rgba(0, 0, 0, 0.87);-webkit-transition:color 250ms cubic-bezier(0.4, 0, 0.2, 1) 0ms,background-color 250ms cubic-bezier(0.4, 0, 0.2, 1) 0ms;transition:color 250ms cubic-bezier(0.4, 0, 0.2, 1) 0ms,background-color 250ms cubic-bezier(0.4, 0, 0.2, 1) 0ms;}.css-17zxn88.Mui-focusVisible{background-color:rgba(0, 0, 0, 0.12);}.css-17zxn88.Mui-disabled{opacity:0.38;}.css-17zxn88:hover{background-color:rgba(0, 0, 0, 0.04);}@media (hover: none){.css-17zxn88:hover{background-color:transparent;}}.css-17zxn88.Mui-selected{background-color:rgba(0, 0, 0, 0.08);}.css-17zxn88.Mui-selected:hover{background-color:rgba(0, 0, 0, 0.12);}@media (hover: none){.css-17zxn88.Mui-selected:hover{background-color:rgba(0, 0, 0, 0.08);}}.css-17zxn88.Mui-selected.Mui-focusVisible{background-color:rgba(0, 0, 0, 0.2);}.css-17zxn88.Mui-selected.Mui-disabled{opacity:1;color:rgba(0, 0, 0, 0.26);background-color:rgba(0, 0, 0, 0.08);}.css-17zxn88.Mui-selected.Mui-disabled{color:rgba(0, 0, 0, 0.26);}</style><style data-emotion="css 1xr9krm">.css-1xr9krm{display:-webkit-inline-box;display:-webkit-inline-flex;display:-ms-inline-flexbox;display:inline-flex;-webkit-align-items:center;-webkit-box-align:center;-ms-flex-align:center;align-items:center;-webkit-box-pack:center;-ms-flex-pack:center;-webkit-justify-content:center;justify-content:center;position:relative;box-sizing:border-box;-webkit-tap-highlight-color:transparent;background-color:transparent;outline:0;border:0;margin:0;border-radius:0;padding:0;cursor:pointer;-webkit-user-select:none;-moz-user-select:none;-ms-user-select:none;user-select:none;vertical-align:middle;-moz-appearance:none;-webkit-appearance:none;-webkit-text-decoration:none;text-decoration:none;color:inherit;font-family:"Roboto","Helvetica","Arial",sans-serif;font-weight:400;font-size:0.875rem;line-height:1.43;letter-spacing:0.01071em;border-radius:16px;text-align:center;box-sizing:border-box;min-width:32px;height:32px;padding:0 6px;margin:0 3px;color:rgba(0, 0, 0, 0.87);-webkit-transition:color 250ms cubic-bezier(0.4, 0, 0.2, 1) 0ms,background-color 250ms cubic-bezier(0.4, 0, 0.2, 1) 0ms;transition:color 250ms cubic-bezier(0.4, 0, 0.2, 1) 0ms,background-color 250ms cubic-bezier(0.4, 0, 0.2, 1) 0ms;}.css-1xr9krm::-moz-focus-inner{border-style:none;}.css-1xr9krm.Mui-disabled{pointer-events:none;cursor:default;}@media print{.css-1xr9krm{-webkit-print-color-adjust:exact;color-adjust:exact;}}.css-1xr9krm.Mui-focusVisible{background-color:rgba(0, 0, 0, 0.12);}.css-1xr9krm.Mui-disabled{opacity:0.38;}.css-1xr9krm:hover{background-color:rgba(0, 0, 0, 0.04);}@media (hover: none){.css-1xr9krm:hover{background-color:transparent;}}.css-1xr9krm.Mui-selected{background-color:rgba(0, 0, 0, 0.08);}.css-1xr9krm.Mui-selected:hover{background-color:rgba(0, 0, 0, 0.12);}@media (hover: none){.css-1xr9krm.Mui-selected:hover{background-color:rgba(0, 0, 0, 0.08);}}.css-1xr9krm.Mui-selected.Mui-focusVisible{background-color:rgba(0, 0, 0, 0.2);}.css-1xr9krm.Mui-selected.Mui-disabled{opacity:1;color:rgba(0, 0, 0, 0.26);background-color:rgba(0, 0, 0, 0.08);}.css-1xr9krm.Mui-selected.Mui-disabled{color:rgba(0, 0, 0, 0.26);}</style><a class="MuiButtonBase-root MuiPaginationItem-root MuiPaginationItem-sizeMedium MuiPaginationItem-text MuiPaginationItem-circular MuiPaginationItem-page sc-c6633df8-4 bNaBNT coles-targeting-PaginationPaginationItem css-1xr9krm" tabindex="0" aria-label="Go to page 2" id="pagination-button-page-2" href="/browse/household/air-fresheners-home-fragrance?page=2">2</a></li><li><style data-emotion="css 17zxn88">.css-17zxn88{font-family:"Roboto","Helvetica","Arial",sans-serif;font-weight:400;font-size:0.875rem;line-height:1.43;letter-spacing:0.01071em;border-radius:16px;text-align:center;box-sizing:border-box;min-width:32px;height:32px;padding:0 6px;margin:0 3px;color:rgba(0, 0, 0, 0.87);-webkit-transition:color 250ms cubic-bezier(0.4, 0, 0.2, 1) 0ms,background-color 250ms cubic-bezier(0.4, 0, 0.2, 1) 0ms;transition:color 250ms cubic-bezier(0.4, 0, 0.2, 1) 0ms,background-color 250ms cubic-bezier(0.4, 0, 0.2, 1) 0ms;}.css-17zxn88.Mui-focusVisible{background-color:rgba(0, 0, 0, 0.12);}.css-17zxn88.Mui-disabled{opacity:0.38;}.css-17zxn88:hover{background-color:rgba(0, 0, 0, 0.04);}@media (hover: none){.css-17zxn88:hover{background-color:transparent;}}.css-17zxn88.Mui-selected{background-color:rgba(0, 0, 0, 0.08);}.css-17zxn88.Mui-selected:hover{background-color:rgba(0, 0, 0, 0.12);}@media (hover: none){.css-17zxn88.Mui-selected:hover{background-color:rgba(0, 0, 0, 0.08);}}.css-17zxn88.Mui-selected.Mui-focusVisible{background-color:rgba(0, 0, 0, 0.2);}.css-17zxn88.Mui-selected.Mui-disabled{opacity:1;color:rgba(0, 0, 0, 0.26);background-color:rgba(0, 0, 0, 0.08);}.css-17zxn88.Mui-selected.Mui-disabled{color:rgba(0, 0, 0, 0.26);}</style><style data-emotion="css 1xr9krm">.css-1xr9krm{display:-webkit-inline-box;display:-webkit-inline-flex;display:-ms-inline-flexbox;display:inline-flex;-webkit-align-items:center;-webkit-box-align:center;-ms-flex-align:center;align-items:center;-webkit-box-pack:center;-ms-flex-pack:center;-webkit-justify-content:center;justify-content:center;position:relative;box-sizing:border-box;-webkit-tap-highlight-color:transparent;background-color:transparent;outline:0;border:0;margin:0;border-radius:0;padding:0;cursor:pointer;-webkit-user-select:none;-moz-user-select:none;-ms-user-select:none;user-select:none;vertical-align:middle;-moz-appearance:none;-webkit-appearance:none;-webkit-text-decoration:none;text-decoration:none;color:inherit;font-family:"Roboto","Helvetica","Arial",sans-serif;font-weight:400;font-size:0.875rem;line-height:1.43;letter-spacing:0.01071em;border-radius:16px;text-align:center;box-sizing:border-box;min-width:32px;height:32px;padding:0 6px;margin:0 3px;color:rgba(0, 0, 0, 0.87);-webkit-transition:color 250ms cubic-bezier(0.4, 0, 0.2, 1) 0ms,background-color 250ms cubic-bezier(0.4, 0, 0.2, 1) 0ms;transition:color 250ms cubic-bezier(0.4, 0, 0.2, 1) 0ms,background-color 250ms cubic-bezier(0.4, 0, 0.2, 1) 0ms;}.css-1xr9krm::-moz-focus-inner{border-style:none;}.css-1xr9krm.Mui-disabled{pointer-events:none;cursor:default;}@media print{.css-1xr9krm{-webkit-print-color-adjust:exact;color-adjust:exact;}}.css-1xr9krm.Mui-focusVisible{background-color:rgba(0, 0, 0, 0.12);}.css-1xr9krm.Mui-disabled{opacity:0.38;}.css-1xr9krm:hover{background-color:rgba(0, 0, 0, 0.04);}@media (hover: none){.css-1xr9krm:hover{background-color:transparent;}}.css-1xr9krm.Mui-selected{background-color:rgba(0, 0, 0, 0.08);}.css-1xr9krm.Mui-selected:hover{background-color:rgba(0, 0, 0, 0.12);}@media (hover: none){.css-1xr9krm.Mui-selected:hover{background-color:rgba(0, 0, 0, 0.08);}}.css-1xr9krm.Mui-selected.Mui-focusVisible{background-color:rgba(0, 0, 0, 0.2);}.css-1xr9krm.Mui-selected.Mui-disabled{opacity:1;color:rgba(0, 0, 0, 0.26);background-color:rgba(0, 0, 0, 0.08);}.css-1xr9krm.Mui-selected.Mui-disabled{color:rgba(0, 0, 0, 0.26);}</style><a class="MuiButtonBase-root MuiPaginationItem-root MuiPaginationItem-sizeMedium MuiPaginationItem-text MuiPaginationItem-circular MuiPaginationItem-page sc-c6633df8-4 bNaBNT coles-targeting-PaginationPaginationItem css-1xr9krm" tabindex="0" aria-label="Go to page 3" id="pagination-button-page-3" href="/browse/household/air-fresheners-home-fragrance?page=3">3</a></li><li><style data-emotion="css 17zxn88">.css-17zxn88{font-family:"Roboto","Helvetica","Arial",sans-serif;font-weight:400;font-size:0.875rem;line-height:1.43;letter-spacing:0.01071em;border-radius:16px;text-align:center;box-sizing:border-box;min-width:32px;height:32px;padding:0 6px;margin:0 3px;color:rgba(0, 0, 0, 0.87);-webkit-transition:color 250ms cubic-bezier(0.4, 0, 0.2, 1) 0ms,background-color 250ms cubic-bezier(0.4, 0, 0.2, 1) 0ms;transition:color 250ms cubic-bezier(0.4, 0, 0.2, 1) 0ms,background-color 250ms cubic-bezier(0.4, 0, 0.2, 1) 0ms;}.css-17zxn88.Mui-focusVisible{background-color:rgba(0, 0, 0, 0.12);}.css-17zxn88.Mui-disabled{opacity:0.38;}.css-17zxn88:hover{background-color:rgba(0, 0, 0, 0.04);}@media (hover: none){.css-17zxn88:hover{background-color:transparent;}}.css-17zxn88.Mui-selected{background-color:rgba(0, 0, 0, 0.08);}.css-17zxn88.Mui-selected:hover{background-color:rgba(0, 0, 0, 0.12);}@media (hover: none){.css-17zxn88.Mui-selected:hover{background-color:rgba(0, 0, 0, 0.08);}}.css-17zxn88.Mui-selected.Mui-focusVisible{background-color:rgba(0, 0, 0, 0.2);}.css-17zxn88.Mui-selected.Mui-disabled{opacity:1;color:rgba(0, 0, 0, 0.26);background-color:rgba(0, 0, 0, 0.08);}.css-17zxn88.Mui-selected.Mui-disabled{color:rgba(0, 0, 0, 0.26);}</style><style data-emotion="css 1xr9krm">.css-1xr9krm{display:-webkit-inline-box;display:-webkit-inline-flex;display:-ms-inline-flexbox;display:inline-flex;-webkit-align-items:center;-webkit-box-align:center;-ms-flex-align:center;align-items:center;-webkit-box-pack:center;-ms-flex-pack:center;-webkit-justify-content:center;justify-content:center;position:relative;box-sizing:border-box;-webkit-tap-highlight-color:transparent;background-color:transparent;outline:0;border:0;margin:0;border-radius:0;padding:0;cursor:pointer;-webkit-user-select:none;-moz-user-select:none;-ms-user-select:none;user-select:none;vertical-align:middle;-moz-appearance:none;-webkit-appearance:none;-webkit-text-decoration:none;text-decoration:none;color:inherit;font-family:"Roboto","Helvetica","Arial",sans-serif;font-weight:400;font-size:0.875rem;line-height:1.43;letter-spacing:0.01071em;border-radius:16px;text-align:center;box-sizing:border-box;min-width:32px;height:32px;padding:0 6px;margin:0 3px;color:rgba(0, 0, 0, 0.87);-webkit-transition:color 250ms cubic-bezier(0.4, 0, 0.2, 1) 0ms,background-color 250ms cubic-bezier(0.4, 0, 0.2, 1) 0ms;transition:color 250ms cubic-bezier(0.4, 0, 0.2, 1) 0ms,background-color 250ms cubic-bezier(0.4, 0, 0.2, 1) 0ms;}.css-1xr9krm::-moz-focus-inner{border-style:none;}.css-1xr9krm.Mui-disabled{pointer-events:none;cursor:default;}@media print{.css-1xr9krm{-webkit-print-color-adjust:exact;color-adjust:exact;}}.css-1xr9krm.Mui-focusVisible{background-color:rgba(0, 0, 0, 0.12);}.css-1xr9krm.Mui-disabled{opacity:0.38;}.css-1xr9krm:hover{background-color:rgba(0, 0, 0, 0.04);}@media (hover: none){.css-1xr9krm:hover{background-color:transparent;}}.css-1xr9krm.Mui-selected{background-color:rgba(0, 0, 0, 0.08);}.css-1xr9krm.Mui-selected:hover{background-color:rgba(0, 0, 0, 0.12);}@media (hover: none){.css-1xr9krm.Mui-selected:hover{background-color:rgba(0, 0, 0, 0.08);}}.css-1xr9krm.Mui-selected.Mui-focusVisible{background-color:rgba(0, 0, 0, 0.2);}.css-1xr9krm.Mui-selected.Mui-disabled{opacity:1;color:rgba(0, 0, 0, 0.26);background-color:rgba(0, 0, 0, 0.08);}.css-1xr9krm.Mui-selected.Mui-disabled{color:rgba(0, 0, 0, 0.26);}</style><a class="MuiButtonBase-root MuiPaginationItem-root MuiPaginationItem-sizeMedium MuiPaginationItem-text MuiPaginationItem-circular MuiPaginationItem-page sc-c6633df8-4 bNaBNT coles-targeting-PaginationPaginationItem css-1xr9krm" tabindex="0" aria-label="Go to page 4" id="pagination-button-page-4" href="/browse/household/air-fresheners-home-fragrance?page=4">4</a></li><li><button aria-label="Go to next page" id="pagination-button-next" class="sc-89ccdc56-0 sc-c6633df8-3 fZOuPh frunSQ coles-targeting-ButtonButton button coles-targeting-PaginationPaginationBoundaryButton"><span aria-hidden="false" class="sc-d0f9d37-0 jNUVFE coles-targeting-ButtonButtonChildContainer"><svg focusable="false" xmlns="http://www.w3.org/2000/svg" width="24" height="24" viewBox="0 0 24 24"><g fill="none" fill-rule="evenodd"><polyline stroke="currentColor" stroke-linecap="round" stroke-linejoin="round" stroke-width="2" vector-effect="non-scaling-stroke" points="12 18 12 6 18 12 12 6 6 12" transform="matrix(0 -1 -1 0 24 24)"></polyline></g></svg></span></button></li></ul><span role="status" aria-live="polite" class="sr-only">Page 1 of 4</span></nav></div></div><div><style data-emotion="css a3xyjy">.css-a3xyjy{z-index:1200;}</style></div></div><div id="coles-targeting-footer-container"><footer><div class="sc-8aaed458-0 itZutT coles-targeting-FooterFooterWrapper"><div data-testid="footer-content"><div class="sc-8aaed458-1 gTibXH coles-targeting-FooterFooterMenuSection"><div class="sc-8aaed458-2 dUUqEj coles-targeting-FooterLinksContainer"><div data-testid="coles-menu-desktop" class="sc-8aaed458-4 jSSDwv coles-targeting-FooterColesLinks"><div><h2>Customer help</h2><ul class="coles-links"><li><a href="/help/contact" aria-label="Contact us" class="sc-6ea5e2aa-0 gbLKBI coles-targeting-LinkLinkInternal link" tabindex="0" target="_blank">Contact us</a></li><li><a href="/help" aria-label="Help Centre" class="sc-6ea5e2aa-0 gbLKBI coles-targeting-LinkLinkInternal link" tabindex="0" target="">Help Centre</a></li><li><a href="/help/safety/scam-warning" aria-label="Staying safe online" class="sc-6ea5e2aa-0 gbLKBI coles-targeting-LinkLinkInternal link" tabindex="0" target="">Staying safe online</a></li><li><a href="/help/safety/product-recalls" aria-label="Product recalls" class="sc-6ea5e2aa-0 gbLKBI coles-targeting-LinkLinkInternal link" tabindex="0" target="">Product recalls</a></li><li><a href="/help/accessibility" aria-label="Accessibility" class="sc-6ea5e2aa-0 gbLKBI coles-targeting-LinkLinkInternal link" tabindex="0" target="">Accessibility</a></li></ul></div><div><h2>Useful links</h2><ul class="coles-links"><li><a href="/find-stores" aria-label="Stores near you" class="sc-6ea5e2aa-0 gbLKBI coles-targeting-LinkLinkInternal link" tabindex="0" target="">Stores near you</a></li><li><a href="/browse" aria-label="Browse Products" class="sc-6ea5e2aa-0 gbLKBI coles-targeting-LinkLinkInternal link" tabindex="0" target="">Browse Products</a></li><li><a href="/coles-magazines?pid=magazinesfooter" aria-label="Coles magazines" class="sc-6ea5e2aa-0 gbLKBI coles-targeting-LinkLinkInternal link" tabindex="0" target="">Coles magazines</a></li><li><a href="http://giftcards.com.au" aria-label="Gift cards" class="sc-6ea5e2aa-0 gbLKBI coles-targeting-LinkLinkInternal link" tabindex="0" target="_blank">Gift cards</a></li><li><a href="https://www.coles.com.au/customer-care/coles-radio" aria-label="Coles Radio" class="sc-6ea5e2aa-0 gbLKBI coles-targeting-LinkLinkInternal link" tabindex="0" target="_blank">Coles Radio</a></li><li><a href="/ways-to-shop/coles-plus" aria-label="Coles Plus" class="sc-6ea5e2aa-0 gbLKBI coles-targeting-LinkLinkInternal link" tabindex="0" target="_blank">Coles Plus</a></li><li><a href="https://shop.coles.com.au/a/a-national/promo/competition-winners" aria-label="Competition winners" class="sc-6ea5e2aa-0 gbLKBI coles-targeting-LinkLinkInternal link" tabindex="0" target="_blank">Competition winners</a></li></ul></div><div><h2>About Coles</h2><ul class="coles-links"><li><a href="https://colescareers.com.au/au/en/home" aria-label="Careers" class="sc-6ea5e2aa-0 gbLKBI coles-targeting-LinkLinkInternal link" tabindex="0" target="_blank">Careers</a></li><li><a href="/about/our-history" aria-label="Our history" class="sc-6ea5e2aa-0 gbLKBI coles-targeting-LinkLinkInternal link" tabindex="0" target="">Our history</a></li><li><a href="/about/sustainability" aria-label="Sustainability at Coles" class="sc-6ea5e2aa-0 gbLKBI coles-targeting-LinkLinkInternal link" tabindex="0" target="">Sustainability at Coles</a></li><li><a href="https://www.colesgroup.com.au/news/" aria-label="Media releases" class="sc-6ea5e2aa-0 gbLKBI coles-targeting-LinkLinkInternal link" tabindex="0" target="_blank">Media releases</a></li><li><a href="https://www.colesgroup.com.au/investors" aria-label="Investor information" class="sc-6ea5e2aa-0 gbLKBI coles-targeting-LinkLinkInternal link" tabindex="0" target="_blank">Investor information</a></li><li><a href="/about/flybuys" aria-label="How Flybuys works" class="sc-6ea5e2aa-0 gbLKBI coles-targeting-LinkLinkInternal link" tabindex="0" target="">How Flybuys works</a></li></ul></div></div></div><div class="sc-8aaed458-5 QPvwT coles-targeting-FooterSocialSection"><div><h2>Follow us</h2><ul class="social-links"><li><a href="https://www.facebook.com/coles" aria-label="Coles facebook" target="_blank" data-testid="social-icon-facebook" class="sc-89ccdc56-0-a hZKInb coles-targeting-ButtonButton button"><span aria-hidden="false" class="sc-d0f9d37-0 jNUVFE coles-targeting-ButtonButtonChildContainer"><svg focusable="false" role="img" aria-label="social facebook" xmlns="http://www.w3.org/2000/svg" width="24" height="24" viewBox="0 0 24 24" fill="none"><path d="M18 2H15C13.6739 2 12.4021 2.52678 11.4645 3.46447C10.5268 4.40215 10 5.67392 10 7V10H7V14H10V22H14V14H17L18 10H14V7C14 6.73478 14.1054 6.48043 14.2929 6.29289C14.4804 6.10536 14.7348 6 15 6H18V2Z" stroke="currentColor" stroke-width="2" stroke-linecap="round" stroke-linejoin="round"></path></svg></span></a></li><li><a href="https://www.instagram.com/colessupermarkets" aria-label="Coles instagram" target="_blank" data-testid="social-icon-instagram" class="sc-89ccdc56-0-a hZKInb coles-targeting-ButtonButton button"><span aria-hidden="false" class="sc-d0f9d37-0 jNUVFE coles-targeting-ButtonButtonChildContainer"><svg focusable="false" role="img" aria-label="social instagram" xmlns="http://www.w3.org/2000/svg" width="24" height="24" viewBox="0 0 24 24" fill="none"><path d="M17.5 6.5H17.51M7 2H17C19.7614 2 22 4.23858 22 7V17C22 19.7614 19.7614 22 17 22H7C4.23858 22 2 19.7614 2 17V7C2 4.23858 4.23858 2 7 2ZM16 11.37C16.1234 12.2022 15.9813 13.0522 15.5938 13.799C15.2063 14.5458 14.5932 15.1514 13.8416 15.5297C13.0901 15.9079 12.2385 16.0396 11.4078 15.9059C10.5771 15.7723 9.80977 15.3801 9.21485 14.7852C8.61993 14.1902 8.22774 13.4229 8.09408 12.5922C7.96042 11.7615 8.09208 10.9099 8.47034 10.1584C8.8486 9.40685 9.4542 8.79374 10.201 8.40624C10.9478 8.01874 11.7978 7.87658 12.63 8C13.4789 8.12588 14.2649 8.52146 14.8717 9.1283C15.4785 9.73515 15.8741 10.5211 16 11.37Z" stroke="currentColor" stroke-width="2" stroke-linecap="round" stroke-linejoin="round"></path></svg></span></a></li><li><a href="https://au.linkedin.com/company/coles" aria-label="Coles linkedin" target="_blank" data-testid="social-icon-linkedin" class="sc-89ccdc56-0-a hZKInb coles-targeting-ButtonButton button"><span aria-hidden="false" class="sc-d0f9d37-0 jNUVFE coles-targeting-ButtonButtonChildContainer"><svg focusable="false" role="img" aria-label="social linkedIn" xmlns="http://www.w3.org/2000/svg" width="24" height="24" viewBox="0 0 24 24" fill="none"><path d="M16 8C17.5913 8 19.1174 8.63214 20.2426 9.75736C21.3679 10.8826 22 12.4087 22 14V21H18V14C18 13.4696 17.7893 12.9609 17.4142 12.5858C17.0391 12.2107 16.5304 12 16 12C15.4696 12 14.9609 12.2107 14.5858 12.5858C14.2107 12.9609 14 13.4696 14 14V21H10V14C10 12.4087 10.6321 10.8826 11.7574 9.75736C12.8826 8.63214 14.4087 8 16 8Z" stroke="currentColor" stroke-width="2" stroke-linecap="round" stroke-linejoin="round"></path><path d="M6 9H2V21H6V9Z" stroke="currentColor" stroke-width="2" stroke-linecap="round" stroke-linejoin="round"></path><path d="M4 6C5.10457 6 6 5.10457 6 4C6 2.89543 5.10457 2 4 2C2.89543 2 2 2.89543 2 4C2 5.10457 2.89543 6 4 6Z" stroke="currentColor" stroke-width="2" stroke-linecap="round" stroke-linejoin="round"></path></svg></span></a></li><li><a href="https://www.youtube.com/coles" aria-label="Coles youtube" target="_blank" data-testid="social-icon-youtube" class="sc-89ccdc56-0-a hZKInb coles-targeting-ButtonButton button"><span aria-hidden="false" class="sc-d0f9d37-0 jNUVFE coles-targeting-ButtonButtonChildContainer"><svg focusable="false" role="img" aria-label="social youtube" xmlns="http://www.w3.org/2000/svg" width="24" height="24" viewBox="0 0 24 24" fill="none"><path d="M22.5401 6.42C22.4213 5.94541 22.1794 5.51057 21.8387 5.15941C21.4981 4.80824 21.0708 4.55318 20.6001 4.42C18.8801 4 12.0001 4 12.0001 4C12.0001 4 5.12008 4 3.40008 4.46C2.92933 4.59318 2.50206 4.84824 2.16143 5.19941C1.8208 5.55057 1.57887 5.98541 1.46008 6.46C1.1453 8.20556 0.991319 9.97631 1.00008 11.75C0.988863 13.537 1.14285 15.3213 1.46008 17.08C1.59104 17.5398 1.83839 17.9581 2.17823 18.2945C2.51806 18.6308 2.9389 18.8738 3.40008 19C5.12008 19.46 12.0001 19.46 12.0001 19.46C12.0001 19.46 18.8801 19.46 20.6001 19C21.0708 18.8668 21.4981 18.6118 21.8387 18.2606C22.1794 17.9094 22.4213 17.4746 22.5401 17C22.8524 15.2676 23.0064 13.5103 23.0001 11.75C23.0113 9.96295 22.8573 8.1787 22.5401 6.42Z" stroke="currentColor" stroke-width="2" stroke-linecap="round" stroke-linejoin="round"></path><path d="M9.75006 15.02L15.5001 11.75L9.75006 8.47998V15.02Z" stroke="currentColor" stroke-width="2" stroke-linecap="round" stroke-linejoin="round"></path></svg></span></a></li></ul></div><div><h2>Download the Coles app</h2><div class="coles-app"><ul class="sc-8aaed458-6 gojocU coles-targeting-FooterAppLinksWrapper"><li><a href="https://apps.apple.com/au/app/coles/id529118855" target="_blank" rel="noreferrer" aria-label="Download on the App Store" data-testid="app-store"><svg focusable="false" xmlns="http://www.w3.org/2000/svg" width="120" height="42" viewBox="0 0 120 42" fill="none" class="app-store"><path d="M114.5 0.5H5.5C2.73858 0.5 0.5 2.73858 0.5 5.5V36.5C0.5 39.2614 2.73858 41.5 5.5 41.5H114.5C117.261 41.5 119.5 39.2614 119.5 36.5V5.5C119.5 2.73858 117.261 0.5 114.5 0.5Z" fill="#212121"></path><path d="M42.3018 28.1397H37.5684L36.4316 31.4962H34.4268L38.9102 19.0782H40.9932L45.4766 31.4962H43.4375L42.3018 28.1397ZM38.0586 26.5909H41.8106L39.961 21.1436H39.9092L38.0586 26.5909ZM55.1592 26.9698C55.1592 29.7833 53.6533 31.5909 51.3809 31.5909C50.2062 31.6523 49.0998 31.0371 48.5322 30.0069H48.4892V34.4913H46.6308V22.4424H48.4297V23.9483H48.4638C49.0566 22.9245 50.1643 22.3096 51.3466 22.3477C53.6445 22.3477 55.1592 24.1641 55.1592 26.9698ZM53.249 26.9698C53.249 25.1368 52.3017 23.9317 50.8564 23.9317C49.4365 23.9317 48.4814 25.1622 48.4814 26.9698C48.4814 28.794 49.4365 30.0157 50.8564 30.0157C52.3018 30.0157 53.249 28.8194 53.249 26.9698ZM65.1245 26.9698C65.1245 29.7833 63.6182 31.5909 61.3457 31.5909C60.1711 31.6523 59.0647 31.0371 58.4971 30.0069H58.4541V34.4913H56.5957V22.4424H58.3945V23.9483H58.4287C59.0215 22.9245 60.1291 22.3096 61.3115 22.3477C63.6094 22.3477 65.1245 24.1641 65.1245 26.9698ZM63.2139 26.9698C63.2139 25.1368 62.2666 23.9317 60.8213 23.9317C59.4014 23.9317 58.4463 25.1622 58.4463 26.9698C58.4463 28.794 59.4014 30.0157 60.8213 30.0157C62.2666 30.0157 63.2139 28.8194 63.2139 26.9698ZM71.7095 28.0362C71.8472 29.2676 73.0435 30.0762 74.6782 30.0762C76.2446 30.0762 77.3716 29.2676 77.3716 28.1572C77.3716 27.1934 76.6919 26.6162 75.0825 26.2207L73.4731 25.833C71.1929 25.2822 70.1343 24.2158 70.1343 22.4854C70.1343 20.3428 72.0015 18.8711 74.6519 18.8711C77.2769 18.8711 79.0757 20.3428 79.1362 22.4854H77.2602C77.1479 21.2461 76.1235 20.4981 74.6264 20.4981C73.1294 20.4981 72.105 21.2549 72.105 22.3565C72.105 23.2344 72.7593 23.751 74.3598 24.1465L75.728 24.4824C78.2759 25.0849 79.3335 26.1084 79.3335 27.9248C79.3335 30.248 77.4839 31.7031 74.5405 31.7031C71.7866 31.7031 69.9272 30.2822 69.8071 28.0361L71.7095 28.0362ZM83.3462 20.2999V22.4424H85.0679V23.9141H83.3462V28.9053C83.3462 29.6807 83.6909 30.042 84.4477 30.042C84.6521 30.0385 84.8562 30.0241 85.0591 29.999V31.4619C84.7188 31.5255 84.3729 31.5543 84.0268 31.5479C82.1938 31.5479 81.479 30.8594 81.479 29.1035V23.9141H80.1626V22.4424H81.479V20.2999H83.3462ZM86.064 26.9698C86.064 24.1212 87.7417 22.3311 90.3579 22.3311C92.9829 22.3311 94.6528 24.1211 94.6528 26.9698C94.6528 29.8262 92.9917 31.6085 90.3579 31.6085C87.7251 31.6085 86.064 29.8262 86.064 26.9698ZM92.7593 26.9698C92.7593 25.0157 91.8638 23.8624 90.3579 23.8624C88.8521 23.8624 87.9566 25.0245 87.9566 26.9698C87.9566 28.9317 88.8521 30.0762 90.3579 30.0762C91.8638 30.0762 92.7593 28.9317 92.7593 26.9698ZM96.185 22.4424H97.9575V23.9834H98.0005C98.2477 22.9914 99.1566 22.3087 100.178 22.3477C100.392 22.3469 100.606 22.3702 100.815 22.417V24.1553C100.545 24.0727 100.263 24.0348 99.98 24.043C99.4336 24.0208 98.9049 24.2386 98.5326 24.6391C98.1603 25.0395 97.9816 25.5827 98.0434 26.126V31.4961H96.185V22.4424ZM109.383 28.837C109.133 30.4805 107.533 31.6084 105.485 31.6084C102.851 31.6084 101.216 29.8438 101.216 27.0127C101.216 24.1729 102.86 22.3311 105.407 22.3311C107.912 22.3311 109.487 24.0518 109.487 26.7969V27.4336H103.092V27.5459C103.033 28.22 103.265 28.8872 103.731 29.3778C104.197 29.8685 104.852 30.1353 105.528 30.1104C106.43 30.1949 107.28 29.677 107.619 28.837L109.383 28.837ZM103.101 26.1348H107.627C107.661 25.5292 107.441 24.9369 107.019 24.5007C106.598 24.0645 106.013 23.8239 105.407 23.837C104.795 23.8333 104.208 24.074 103.775 24.5055C103.342 24.937 103.099 25.5236 103.101 26.1348Z" fill="white"></path><path d="M37.8262 9.73101C38.6151 9.6744 39.3879 9.97456 39.9317 10.5489C40.4756 11.1232 40.7333 11.9112 40.6338 12.6959C40.6338 14.6021 39.6035 15.6979 37.8262 15.6979H35.6709V9.73101H37.8262ZM36.5976 14.854H37.7226C38.2865 14.8877 38.8355 14.6656 39.2172 14.2493C39.5989 13.833 39.7728 13.2668 39.6904 12.708C39.7668 12.1515 39.5904 11.5901 39.2096 11.1771C38.8289 10.7642 38.2835 10.5431 37.7226 10.5742H36.5976V14.854ZM41.6807 13.4444C41.6034 12.6372 41.9905 11.8561 42.6794 11.4286C43.3683 11.0011 44.2401 11.0011 44.929 11.4286C45.6179 11.8561 46.0049 12.6372 45.9277 13.4444C46.0064 14.2523 45.6197 15.035 44.9302 15.4634C44.2407 15.8918 43.3677 15.8918 42.6782 15.4634C41.9886 15.035 41.602 14.2523 41.6807 13.4444ZM45.0137 13.4444C45.0137 12.4683 44.5752 11.8975 43.8057 11.8975C43.0332 11.8975 42.5987 12.4683 42.5987 13.4444C42.5987 14.4283 43.0332 14.9947 43.8057 14.9947C44.5752 14.9947 45.0137 14.4243 45.0137 13.4444ZM51.5732 15.6978H50.6514L49.7207 12.3814H49.6504L48.7236 15.6978H47.8105L46.5693 11.1948H47.4707L48.2773 14.6308H48.3438L49.2695 11.1948H50.1221L51.0479 14.6308H51.1182L51.9209 11.1948H52.8096L51.5732 15.6978ZM53.8535 11.1948H54.709V11.9102H54.7754C55.0063 11.3835 55.5459 11.0613 56.1191 11.1079C56.563 11.0745 56.9979 11.2448 57.3011 11.5706C57.6043 11.8964 57.7429 12.3424 57.6777 12.7827V15.6977H56.7891V13.0059C56.7891 12.2822 56.4746 11.9224 55.8174 11.9224C55.5163 11.9084 55.2242 12.0265 55.0175 12.2458C54.8109 12.4652 54.7103 12.7638 54.7422 13.0635V15.6978H53.8535V11.1948ZM59.0937 9.43701H59.9824V15.6978H59.0937V9.43701ZM61.2178 13.4444C61.1406 12.6372 61.5277 11.8561 62.2167 11.4285C62.9057 11.001 63.7774 11.001 64.4664 11.4285C65.1554 11.8561 65.5425 12.6372 65.4653 13.4444C65.5439 14.2524 65.1572 15.035 64.4676 15.4634C63.778 15.8918 62.9051 15.8918 62.2155 15.4634C61.5259 15.035 61.1392 14.2524 61.2178 13.4444ZM64.5508 13.4444C64.5508 12.4683 64.1123 11.8975 63.3428 11.8975C62.5703 11.8975 62.1358 12.4683 62.1358 13.4444C62.1358 14.4283 62.5703 14.9947 63.3428 14.9947C64.1123 14.9947 64.5508 14.4243 64.5508 13.4444ZM66.4009 14.4243C66.4009 13.6138 67.0044 13.1465 68.0757 13.0801L69.2954 13.0098V12.6211C69.2954 12.1455 68.981 11.877 68.3735 11.877C67.8774 11.877 67.5337 12.0591 67.4351 12.3775H66.5747C66.6655 11.604 67.3931 11.1079 68.4146 11.1079C69.5435 11.1079 70.1802 11.6699 70.1802 12.6211V15.6978H69.3247V15.065H69.2544C68.9638 15.5271 68.4471 15.7972 67.9019 15.772C67.5196 15.8117 67.1383 15.6879 66.8524 15.4312C66.5664 15.1744 66.4024 14.8087 66.4009 14.4243ZM69.2954 14.0396V13.6631L68.1958 13.7334C67.5757 13.7749 67.2944 13.9859 67.2944 14.3828C67.2944 14.7881 67.646 15.0239 68.1294 15.0239C68.4156 15.0529 68.7013 14.9645 68.9211 14.7789C69.1409 14.5934 69.276 14.3266 69.2954 14.0396ZM71.3481 13.4444C71.3481 12.0215 72.0796 11.1201 73.2173 11.1201C73.7918 11.0937 74.3298 11.4015 74.5981 11.9101H74.6646V9.43701H75.5532V15.6978H74.7017V14.9863H74.6313C74.3427 15.4907 73.798 15.7934 73.2173 15.772C72.0718 15.772 71.3481 14.8706 71.3481 13.4444ZM72.2661 13.4444C72.2661 14.3994 72.7163 14.9741 73.4693 14.9741C74.2183 14.9741 74.6812 14.3911 74.6812 13.4483C74.6812 12.5098 74.2134 11.9185 73.4693 11.9185C72.7212 11.9185 72.2661 12.4971 72.2661 13.4444H72.2661ZM79.23 13.4444C79.1528 12.6372 79.5398 11.8561 80.2287 11.4286C80.9176 11.0011 81.7894 11.0011 82.4783 11.4286C83.1672 11.8561 83.5543 12.6372 83.4771 13.4444C83.5557 14.2523 83.1691 15.035 82.4795 15.4634C81.79 15.8918 80.917 15.8918 80.2275 15.4634C79.538 15.035 79.1513 14.2523 79.23 13.4444ZM82.563 13.4444C82.563 12.4683 82.1245 11.8975 81.355 11.8975C80.5825 11.8975 80.148 12.4683 80.148 13.4444C80.148 14.4283 80.5826 14.9947 81.355 14.9947C82.1245 14.9947 82.563 14.4243 82.563 13.4444ZM84.6694 11.1948H85.5249V11.9102H85.5913C85.8222 11.3835 86.3619 11.0613 86.9351 11.1079C87.3789 11.0745 87.8138 11.2448 88.117 11.5706C88.4202 11.8964 88.5588 12.3424 88.4936 12.7827V15.6977H87.605V13.0059C87.605 12.2822 87.2905 11.9224 86.6333 11.9224C86.3323 11.9084 86.0401 12.0265 85.8335 12.2458C85.6268 12.4652 85.5262 12.7638 85.5581 13.0635V15.6978H84.6694V11.1948ZM93.5151 10.0737V11.2153H94.4907V11.9639H93.5151V14.2793C93.5151 14.751 93.7095 14.9575 94.1519 14.9575C94.2651 14.9572 94.3783 14.9503 94.4907 14.937V15.6773C94.3311 15.7058 94.1694 15.721 94.0073 15.7227C93.019 15.7227 92.6255 15.375 92.6255 14.5068V11.9638H91.9106V11.2153H92.6255V10.0737H93.5151ZM95.7046 9.43701H96.5854V11.9185H96.6558C96.8978 11.3872 97.4469 11.0646 98.0288 11.1118C98.4701 11.0878 98.8991 11.2618 99.199 11.5864C99.4989 11.9111 99.6384 12.3525 99.5795 12.7905V15.6978H98.69V13.0098C98.69 12.2905 98.355 11.9263 97.7271 11.9263C97.4179 11.9009 97.1133 12.0133 96.8947 12.2334C96.6761 12.4535 96.5658 12.7589 96.5933 13.0679V15.6978H95.7046L95.7046 9.43701ZM104.761 14.4819C104.512 15.3313 103.69 15.8801 102.81 15.7847C102.21 15.8005 101.633 15.5516 101.232 15.1041C100.831 14.6565 100.648 14.0555 100.73 13.4605C100.65 12.8638 100.833 12.2618 101.231 11.8105C101.63 11.3591 102.204 11.1028 102.806 11.1079C104.059 11.1079 104.815 11.9639 104.815 13.3779V13.688H101.635V13.7378C101.607 14.072 101.721 14.4025 101.95 14.6481C102.178 14.8936 102.499 15.0315 102.834 15.0278C103.269 15.08 103.692 14.8643 103.906 14.4819L104.761 14.4819ZM101.635 13.0308H103.91C103.932 12.7252 103.825 12.4242 103.614 12.2021C103.403 11.9799 103.108 11.8572 102.801 11.8643C102.491 11.8604 102.192 11.982 101.972 12.2017C101.753 12.4213 101.631 12.7203 101.635 13.0308H101.635Z" fill="white"></path><path d="M24.9967 20.8891C25.0194 19.125 25.9443 17.4954 27.4472 16.5714C26.4948 15.2111 24.9566 14.3796 23.2969 14.3276C21.5506 14.1443 19.8577 15.3726 18.9679 15.3726C18.0608 15.3726 16.6907 14.3458 15.2154 14.3762C13.2742 14.4389 11.5084 15.5158 10.564 17.2129C8.55291 20.6949 10.053 25.8123 11.9795 28.6269C12.9434 30.0051 14.0699 31.5446 15.5439 31.49C16.9863 31.4302 17.525 30.5703 19.2661 30.5703C20.991 30.5703 21.4965 31.49 23.0004 31.4553C24.5481 31.4302 25.5233 30.071 26.4534 28.6797C27.1459 27.6977 27.6788 26.6123 28.0324 25.4638C26.1941 24.6863 24.9988 22.885 24.9967 20.8891ZM22.1561 12.4766C23 11.4635 23.4157 10.1614 23.3151 8.84668C22.0258 8.98209 20.8348 9.59829 19.9795 10.5725C19.1349 11.5337 18.7071 12.7912 18.7902 14.068C20.0968 14.0814 21.3373 13.4949 22.1561 12.4766Z" fill="white"></path></svg></a></li><li><a href="https://play.google.com/store/apps/details?id=com.coles.android.shopmate&amp;hl=en_AU" target="_blank" rel="noreferrer" aria-label="Get it on Google Play" data-testid="google-play"><svg focusable="false" xmlns="http://www.w3.org/2000/svg" width="137" height="42" viewBox="0 0 137 42" fill="none" class="google-play"><path d="M131.5 0.5H5.5C2.73858 0.5 0.5 2.73858 0.5 5.5V36.5C0.5 39.2614 2.73858 41.5 5.5 41.5H131.5C134.261 41.5 136.5 39.2614 136.5 36.5V5.5C136.5 2.73858 134.261 0.5 131.5 0.5Z" fill="#212121"></path><path d="M69.1381 22.7501C66.7936 22.7612 64.9008 24.6688 64.9081 27.0134C64.9155 29.358 66.8202 31.2537 69.1648 31.2501C71.5094 31.2464 73.4081 29.3447 73.4081 27.0001C73.4246 25.8645 72.9794 24.7708 72.1744 23.9696C71.3694 23.1684 70.2737 22.7283 69.1381 22.7501ZM69.1381 29.5801C68.0814 29.654 67.0868 29.0745 66.6302 28.1186C66.1735 27.1627 66.3476 26.0248 67.0691 25.2492C67.7906 24.4735 68.913 24.2178 69.8993 24.6042C70.8857 24.9907 71.5356 25.9408 71.5381 27.0001C71.5707 27.6628 71.3342 28.3105 70.8823 28.7963C70.4304 29.2821 69.8014 29.5648 69.1381 29.5801ZM59.8281 22.7501C57.4822 22.7557 55.5845 24.6609 55.5881 27.0068C55.5918 29.3527 57.4956 31.252 59.8415 31.2501C62.1874 31.2483 64.0881 29.346 64.0881 27.0001C64.1046 25.8645 63.6594 24.7708 62.8544 23.9696C62.0494 23.1684 60.9537 22.7283 59.8181 22.7501H59.8281ZM59.8281 29.5801C58.7708 29.6582 57.7734 29.0815 57.3135 28.1262C56.8536 27.171 57.025 26.0316 57.7455 25.2538C58.466 24.4761 59.5889 24.2182 60.5765 24.6038C61.5641 24.9894 62.2153 25.9399 62.2181 27.0001C62.2507 27.6628 62.0142 28.3105 61.5623 28.7963C61.1104 29.2821 60.4814 29.5648 59.8181 29.5801H59.8281ZM48.7381 24.0601V25.8601H53.0581C52.9904 26.7079 52.638 27.5079 52.0581 28.1301C51.1842 29.0204 49.9747 29.4998 48.7281 29.4501C46.0772 29.4501 43.9281 27.3011 43.9281 24.6501C43.9281 21.9992 46.0772 19.8501 48.7281 19.8501C49.9459 19.8303 51.1219 20.2942 51.9981 21.1401L53.2681 19.8701C52.0731 18.66 50.4389 17.9854 48.7381 18.0001C46.3171 17.9059 44.0385 19.1438 42.8 21.2262C41.5615 23.3086 41.5615 25.9017 42.8 27.9841C44.0385 30.0665 46.3171 31.3044 48.7381 31.2101C50.4699 31.2884 52.1509 30.6138 53.3481 29.3601C54.3958 28.2091 54.9552 26.6959 54.9081 25.1401C54.9114 24.7611 54.8779 24.3827 54.8081 24.0101L48.7381 24.0601ZM94.0481 25.4601C93.5142 23.8893 92.0661 22.8112 90.4081 22.7501C89.3025 22.748 88.2453 23.2035 87.4875 24.0087C86.7298 24.8138 86.339 25.8967 86.4081 27.0001C86.3836 28.1294 86.8193 29.2202 87.6152 30.0217C88.4111 30.8233 89.4987 31.2667 90.6281 31.2501C92.049 31.2578 93.3788 30.5516 94.1681 29.3701L92.7181 28.3701C92.2779 29.1041 91.484 29.5523 90.6281 29.5501C89.7417 29.5839 88.9248 29.0723 88.5681 28.2601L94.2581 25.9101L94.0481 25.4601ZM88.2481 26.8801C88.2072 26.2553 88.4195 25.6403 88.8371 25.1737C89.2548 24.7072 89.8426 24.4284 90.4681 24.4001C91.1275 24.3567 91.7492 24.7108 92.0481 25.3001L88.2481 26.8801ZM83.6281 31.0001H85.4981V18.5001H83.6281V31.0001ZM80.5681 23.7001H80.4981C79.9281 23.0628 79.1132 22.699 78.2581 22.7001C75.9883 22.8102 74.2045 24.6826 74.2045 26.9551C74.2045 29.2277 75.9883 31.1001 78.2581 31.2101C79.116 31.2246 79.9362 30.8584 80.4981 30.2101H80.5581V30.8201C80.5581 32.4501 79.6881 33.3201 78.2881 33.3201C77.3344 33.2978 76.4889 32.7012 76.1481 31.8101L74.5181 32.4901C75.1458 34.0169 76.6374 35.01 78.2881 35.0002C80.4781 35.0002 82.2881 33.7101 82.2881 30.5701V23.0001H80.5681V23.7001ZM78.4281 29.5801C77.091 29.4623 76.0655 28.3424 76.0655 27.0001C76.0655 25.6578 77.091 24.538 78.4281 24.4201C79.0743 24.4533 79.6796 24.7459 80.107 25.2316C80.5344 25.7174 80.7475 26.3551 80.6981 27.0001C80.7533 27.6482 80.5408 28.2906 80.1101 28.7779C79.6794 29.2653 79.0681 29.5552 78.4181 29.5801H78.4281ZM102.808 18.5001H98.3381V31.0001H100.208V26.2601H102.818C104.271 26.3645 105.66 25.6486 106.418 24.4051C107.176 23.1616 107.176 21.5987 106.418 20.3552C105.66 19.1116 104.271 18.3958 102.818 18.5001H102.808ZM102.808 24.5001H100.198V20.2401H102.848C104.033 20.2401 104.993 21.2005 104.993 22.3851C104.993 23.5698 104.033 24.5301 102.848 24.5301L102.808 24.5001ZM114.338 22.7001C112.947 22.617 111.639 23.3672 111.008 24.6101L112.668 25.3001C113.003 24.6838 113.669 24.323 114.368 24.3801C114.848 24.3241 115.33 24.4631 115.706 24.7658C116.082 25.0686 116.32 25.5097 116.368 25.9901V26.1201C115.768 25.8021 115.098 25.6373 114.418 25.6401C112.628 25.6401 110.818 26.6401 110.818 28.4501C110.854 29.2298 111.203 29.962 111.787 30.4799C112.371 30.9979 113.14 31.2577 113.918 31.2001C114.877 31.269 115.798 30.8089 116.318 30.0001H116.378V31.0001H118.178V26.1901C118.178 24.0001 116.518 22.7301 114.388 22.7301L114.338 22.7001ZM114.108 29.5501C113.498 29.5501 112.648 29.2401 112.648 28.4901C112.648 27.4901 113.708 27.1601 114.648 27.1601C115.242 27.1455 115.829 27.2905 116.348 27.5801C116.219 28.6996 115.285 29.5527 114.158 29.5801L114.108 29.5501ZM124.738 23.0001L122.598 28.4201H122.538L120.318 23.0001H118.318L121.648 30.5801L119.748 34.7901H121.698L126.818 23.0001H124.738ZM107.928 31.0001H109.798V18.5001H107.928V31.0001Z" fill="white"></path><path d="M48.42 11.24C48.4544 11.9812 48.1833 12.7041 47.67 13.24C47.0965 13.8358 46.2965 14.1594 45.47 14.13C44.2024 14.12 43.0642 13.3512 42.5817 12.1789C42.0993 11.0066 42.3666 9.65929 43.26 8.75997C43.8406 8.1673 44.6406 7.84149 45.47 7.85997C45.8928 7.85856 46.3114 7.94364 46.7 8.10997C47.0619 8.25592 47.384 8.48553 47.64 8.77997L47.11 9.30997C46.7054 8.82865 46.0979 8.56566 45.47 8.59997C44.8389 8.59687 44.2337 8.85106 43.7941 9.30391C43.3544 9.75676 43.1183 10.3692 43.14 11C43.1266 11.9532 43.688 12.8208 44.563 13.1992C45.4379 13.5776 46.4546 13.3925 47.14 12.73C47.4478 12.3965 47.6252 11.9635 47.64 11.51H45.47V10.79H48.38C48.4067 10.9385 48.4201 11.0891 48.42 11.24ZM53 8.73997H50.3V10.64H52.76V11.36H50.3V13.26H53V14H49.5V7.99997H53V8.73997ZM56.28 14H55.51V8.73997H53.83V7.99997H58V8.73997H56.28V14ZM60.94 14V7.99997H61.71V14H60.94ZM65.13 14H64.36V8.73997H62.68V7.99997H66.8V8.73997H65.13V14ZM74.61 13.22C73.393 14.4302 71.4271 14.4302 70.21 13.22C69.0303 11.9712 69.0303 10.0187 70.21 8.76997C70.792 8.18372 71.584 7.854 72.41 7.854C73.2361 7.854 74.028 8.18372 74.61 8.76997C75.7948 10.0167 75.7948 11.9732 74.61 13.22ZM70.78 12.72C71.6814 13.6175 73.1387 13.6175 74.04 12.72C74.9252 11.7441 74.9252 10.2558 74.04 9.27997C73.1387 8.38241 71.6814 8.38241 70.78 9.27997C69.8948 10.2558 69.8948 11.7441 70.78 12.72ZM76.58 14V7.99997H77.52L80.44 12.67V7.99997H81.21V14H80.41L77.36 9.10997V14H76.58Z" fill="white"></path><path d="M11.4401 8.53973C11.1142 8.93083 10.9497 9.43152 10.9801 9.93973V32.0597C10.9497 32.5679 11.1142 33.0686 11.4401 33.4597L11.5101 33.5297L23.9001 21.1497V20.8597L11.5101 8.46973L11.4401 8.53973Z" fill="url(#paint0_linear_6352_549172)"></path><path d="M27.9988 25.2802L23.8988 21.1502V20.8602L27.9988 16.7202L28.0888 16.7702L32.9988 19.5602C34.3988 20.3502 34.3988 21.6502 32.9988 22.4502L28.1088 25.2302L27.9988 25.2802Z" fill="url(#paint1_linear_6352_549172)"></path><path d="M28.1175 25.22L23.8975 21L11.4375 33.46C12.0262 33.9775 12.8999 34.0027 13.5175 33.52L28.1275 25.22" fill="url(#paint2_linear_6352_549172)"></path><path d="M28.1187 16.7801L13.5087 8.48005C12.8911 7.99732 12.0174 8.02253 11.4287 8.54005L23.8987 21.0001L28.1187 16.7801Z" fill="url(#paint3_linear_6352_549172)"></path><path opacity="0.2" d="M27.9975 25.1299L13.5075 33.3799C12.9145 33.8232 12.1005 33.8232 11.5075 33.3799L11.4375 33.4499L11.5075 33.5199C12.0993 33.9666 12.9157 33.9666 13.5075 33.5199L28.1175 25.2199L27.9975 25.1299Z" fill="white"></path><path opacity="0.12" d="M11.4401 33.32C11.1142 32.9289 10.9497 32.4282 10.9801 31.92V32.07C10.9497 32.5782 11.1142 33.0789 11.4401 33.47L11.5101 33.4L11.4401 33.32ZM33.0001 22.3L28.0001 25.13L28.0901 25.22L33.0001 22.44C33.5672 22.1736 33.9486 21.6244 34.0001 21C33.8862 21.5648 33.5169 22.045 33.0001 22.3Z" fill="white"></path><path opacity="0.25" d="M13.5087 8.61994L32.9988 19.6999C33.5155 19.955 33.8848 20.4351 33.9988 20.9999C33.9472 20.3755 33.5658 19.8263 32.9988 19.5599L13.5087 8.47994C12.1087 7.68994 10.9688 8.34994 10.9688 9.94994V10.0999C10.9987 8.48994 12.1187 7.82994 13.5087 8.61994Z" fill="#212121"></path><defs><linearGradient id="paint0_linear_6352_549172" x1="18.8643" y1="9.70973" x2="8.24299" y2="20.3311" gradientUnits="userSpaceOnUse"><stop stop-color="#00A0FF"></stop><stop offset="0.01" stop-color="#00A1FF"></stop><stop offset="0.26" stop-color="#00BEFF"></stop><stop offset="0.51" stop-color="#00D2FF"></stop><stop offset="0.76" stop-color="#00DFFF"></stop><stop offset="1" stop-color="#00E3FF"></stop></linearGradient><linearGradient id="paint1_linear_6352_549172" x1="34.8288" y1="21.0002" x2="10.6388" y2="21.0002" gradientUnits="userSpaceOnUse"><stop stop-color="#FFE000"></stop><stop offset="0.41" stop-color="#FFBD00"></stop><stop offset="0.78" stop-color="#FFA500"></stop><stop offset="1" stop-color="#FF9C00"></stop></linearGradient><linearGradient id="paint2_linear_6352_549172" x1="25.8275" y1="24.977" x2="7.68306" y2="43.1134" gradientUnits="userSpaceOnUse"><stop stop-color="#FF3A44"></stop><stop offset="1" stop-color="#C31162"></stop></linearGradient><linearGradient id="paint3_linear_6352_549172" x1="8.29871" y1="6.61206" x2="16.3974" y2="14.7108" gradientUnits="userSpaceOnUse"><stop stop-color="#32A071"></stop><stop offset="0.07" stop-color="#2DA771"></stop><stop offset="0.48" stop-color="#15CF74"></stop><stop offset="0.8" stop-color="#06E775"></stop><stop offset="1" stop-color="#00F076"></stop></linearGradient></defs></svg></a></li></ul></div></div></div></div><div class="sc-8aaed458-7 grAgso coles-targeting-FooterBrandSection"><h2>Explore our brands</h2><div class="brand-links"><ul class="sc-8aaed458-8 ghUekh coles-targeting-FooterBrandLinkWrapper"><li><a href="https://www.colesexpress.com.au/" aria-label="Coles Express" data-testid="Coles Express" class="sc-8aaed458-9 dIiIvA coles-targeting-FooterColesBrandLinks" target="" rel="noreferrer"><svg focusable="false" xmlns="http://www.w3.org/2000/svg" width="100%" height="100%" viewBox="0 0 470 282" fill="none"><path d="M470 0H0V282H470V0Z" fill="#E01A22"></path><path d="M290.18 201.48C292.27 200.9 294.38 200.35 296.51 199.88C299.51 199.15 302.6 198.53 305.67 197.98C308.74 197.43 311.82 196.93 314.92 196.55C317.11 196.24 319.31 196.01 321.51 195.78C323.71 195.55 325.91 195.35 328.11 195.15C330.83 194.93 333.54 194.71 336.26 194.53C338.98 194.35 341.71 194.22 344.43 194.08L345.54 194.03C345.91 194.03 346.28 194.03 346.65 193.93L346.93 193.88L347.17 193.82H347.24H347.18L346.99 193.77H346.77C346.37 193.72 345.96 193.71 345.55 193.7C345.14 193.69 344.74 193.7 344.33 193.7C340.65 193.7 336.96 193.7 333.27 193.79C329.58 193.88 325.91 194.07 322.27 194.27C320.56 194.38 318.85 194.49 317.14 194.62C315.43 194.75 313.73 194.92 312.02 195.08C310.31 195.24 308.65 195.44 307.02 195.66C305.39 195.88 303.66 196.09 302.02 196.38C298.71 196.88 295.42 197.55 292.16 198.29C288.878 198.932 285.639 199.774 282.46 200.81C282.23 200.88 282.01 200.97 281.79 201.06L281 201.12C280.591 201.29 280.19 201.48 279.8 201.69C279.41 201.9 279.04 202.13 278.8 202.3C278.625 202.407 278.461 202.531 278.31 202.67C278.2 202.78 278.08 202.89 278 202.99C277.932 203.063 277.877 203.147 277.84 203.24C277.805 203.322 277.785 203.41 277.78 203.5C277.791 203.559 277.811 203.617 277.84 203.67C277.863 203.724 277.893 203.775 277.93 203.82C277.966 203.868 278.01 203.908 278.06 203.94C278.123 203.989 278.194 204.026 278.27 204.05C278.411 204.111 278.559 204.154 278.71 204.18C278.901 204.215 279.096 204.231 279.29 204.23C279.563 204.249 279.837 204.249 280.11 204.23C280.446 204.206 280.78 204.159 281.11 204.09C281.5 204.02 282 203.91 282.49 203.79C282.98 203.67 283.49 203.52 283.94 203.36C286.01 202.72 288.09 202.07 290.19 201.5" fill="white"></path><path d="M252.37 181.66C252.161 182.711 252.343 183.803 252.88 184.73C253.198 185.075 253.593 185.341 254.032 185.506C254.471 185.671 254.943 185.731 255.41 185.68C256.422 185.684 257.43 185.559 258.41 185.31C259.167 185.125 259.911 184.895 260.64 184.62C260.75 184.914 260.84 185.214 260.91 185.52C260.983 185.815 261.023 186.116 261.03 186.42C261.047 186.623 261.018 186.827 260.945 187.018C260.872 187.208 260.758 187.38 260.61 187.52C260.021 188.054 259.321 188.45 258.56 188.68C257.344 189.074 256.068 189.254 254.79 189.21C253.826 189.217 252.864 189.1 251.93 188.86C251.101 188.647 250.33 188.254 249.67 187.71C249.015 187.153 248.504 186.446 248.18 185.65C247.804 184.671 247.624 183.628 247.65 182.58C247.625 181.011 247.879 179.45 248.4 177.97C248.845 176.695 249.546 175.524 250.46 174.53C251.332 173.589 252.401 172.852 253.59 172.37C254.822 171.872 256.141 171.62 257.47 171.63C259.102 171.498 260.728 171.948 262.06 172.9C262.539 173.299 262.921 173.802 263.177 174.37C263.433 174.938 263.557 175.557 263.54 176.18C263.573 177.098 263.295 178 262.75 178.74C262.151 179.487 261.374 180.071 260.49 180.44C259.363 180.914 258.175 181.228 256.96 181.37C255.432 181.571 253.891 181.668 252.35 181.66H252.37ZM257.22 174.81C256.642 174.801 256.071 174.938 255.56 175.21C255.069 175.486 254.629 175.845 254.26 176.27C253.862 176.713 253.526 177.207 253.26 177.74C253.011 178.25 252.81 178.782 252.66 179.33C254.318 179.344 255.968 179.098 257.55 178.6C258.019 178.484 258.435 178.214 258.732 177.833C259.03 177.452 259.191 176.983 259.19 176.5C259.205 176.265 259.165 176.029 259.073 175.812C258.981 175.595 258.84 175.402 258.66 175.25C258.236 174.929 257.71 174.773 257.18 174.81" fill="white"></path><path d="M264.57 173.4C265.02 172.895 265.546 172.463 266.13 172.12C266.629 171.81 267.203 171.641 267.79 171.63C268.22 171.624 268.641 171.749 268.999 171.989C269.356 172.228 269.632 172.57 269.79 172.97L271.88 177.49L276.29 171.98C276.392 171.84 276.523 171.725 276.676 171.644C276.828 171.562 276.997 171.517 277.17 171.51C277.834 171.575 278.481 171.758 279.08 172.05C280.28 172.53 280.54 173.13 279.86 173.85L273.64 180.42C274.47 181.9 275.13 183.08 275.64 183.95C276.15 184.82 276.54 185.49 276.84 185.95C277.039 186.306 277.274 186.641 277.54 186.95L278.02 187.42C277.555 187.917 277.027 188.35 276.45 188.71C275.962 189.031 275.394 189.207 274.81 189.22C274.381 189.22 273.962 189.093 273.606 188.854C273.25 188.616 272.973 188.277 272.81 187.88L270.55 182.83L265.82 188.83C265.717 188.972 265.581 189.087 265.425 189.167C265.269 189.247 265.096 189.289 264.92 189.29C264.262 189.208 263.623 189.015 263.03 188.72C261.83 188.253 261.57 187.653 262.25 186.92L268.71 180.04C267.91 178.63 267.28 177.51 266.81 176.7C266.34 175.89 265.96 175.27 265.68 174.83C265.482 174.51 265.265 174.203 265.03 173.91C264.87 173.73 264.72 173.58 264.58 173.44" fill="white"></path><path d="M280.54 179.89C280.91 178.03 281.19 176.58 281.37 175.53C281.55 174.48 281.67 173.71 281.74 173.22C281.777 172.963 281.876 172.719 282.03 172.51C282.183 172.301 282.386 172.132 282.62 172.02C283.394 171.708 284.228 171.575 285.06 171.63C285.74 171.63 286.06 171.92 286.01 172.51C285.991 172.75 285.951 172.987 285.89 173.22C285.8 173.57 285.7 173.99 285.58 174.47C285.46 174.95 285.34 175.47 285.2 176.01L284.81 177.53L284.98 177.6C285.563 175.98 286.46 174.492 287.62 173.22C288.098 172.707 288.68 172.3 289.326 172.026C289.972 171.752 290.668 171.617 291.37 171.63C292.029 171.627 292.684 171.745 293.3 171.98C293.905 172.227 294.444 172.614 294.87 173.11C295.356 173.697 295.717 174.378 295.93 175.11C296.213 176.084 296.345 177.096 296.32 178.11C296.333 179.629 296.124 181.142 295.7 182.6C295.332 183.871 294.728 185.062 293.92 186.11C293.129 187.108 292.118 187.908 290.966 188.45C289.814 188.991 288.552 189.258 287.28 189.23C286.819 189.229 286.358 189.202 285.9 189.15C285.45 189.09 285.05 189.02 284.68 188.95C284.31 188.88 284.01 188.81 283.75 188.74L283.22 188.6C282.94 189.94 282.7 191.07 282.51 191.99C282.32 192.91 282.18 193.67 282.07 194.3C281.98 194.806 281.917 195.317 281.88 195.83C281.851 196.163 281.851 196.497 281.88 196.83L280.8 196.9C280.34 196.9 279.78 196.9 279.12 196.9C278.648 196.96 278.17 196.842 277.78 196.57C277.562 196.322 277.447 196 277.46 195.67C277.487 195.277 277.54 194.886 277.62 194.5L278.13 191.89C278.37 190.71 278.68 189.15 279.07 187.21C279.46 185.27 279.95 182.82 280.54 179.85V179.89ZM286.33 185.96C287.192 185.98 288.037 185.72 288.74 185.22C289.417 184.713 289.979 184.069 290.39 183.33C290.819 182.543 291.133 181.697 291.32 180.82C291.516 179.957 291.616 179.075 291.62 178.19C291.697 177.374 291.504 176.555 291.07 175.86C290.889 175.64 290.659 175.465 290.399 175.348C290.139 175.232 289.855 175.178 289.57 175.19C288.52 175.19 287.5 175.92 286.57 177.38C285.347 179.524 284.511 181.866 284.1 184.3L283.81 185.71L284.89 185.87C285.377 185.935 285.868 185.965 286.36 185.96" fill="white"></path><path d="M309.13 175.55C308.426 175.407 307.696 175.445 307.01 175.66C306.238 175.904 305.546 176.353 305.01 176.96C304.303 177.773 303.727 178.691 303.3 179.68C302.692 181.084 302.249 182.554 301.98 184.06L300.98 188.97H296.6C296.79 188.05 296.96 187.21 297.11 186.46C297.26 185.71 297.41 185 297.55 184.34C297.69 183.68 297.82 183.05 297.94 182.43C298.06 181.81 298.18 181.19 298.3 180.53C298.53 179.19 298.73 178.08 298.88 177.21C299.03 176.34 299.16 175.62 299.27 175.05C299.38 174.48 299.46 174.05 299.53 173.73C299.586 173.463 299.656 173.199 299.74 172.94C299.794 172.721 299.897 172.518 300.04 172.345C300.184 172.172 300.365 172.033 300.57 171.94C301.277 171.684 302.029 171.575 302.78 171.62C303.066 171.593 303.353 171.667 303.59 171.83C303.67 171.893 303.734 171.974 303.777 172.066C303.82 172.158 303.842 172.258 303.84 172.36C303.834 172.554 303.818 172.748 303.79 172.94C303.75 173.193 303.69 173.527 303.61 173.94C303.53 174.33 303.4 174.81 303.24 175.39C303.08 175.97 302.87 176.66 302.64 177.49L302.78 177.56C303.398 175.898 304.358 174.385 305.6 173.12C306.333 172.286 307.355 171.761 308.46 171.65C308.627 171.64 308.794 171.663 308.952 171.718C309.11 171.773 309.255 171.859 309.38 171.97C309.455 172.049 309.51 172.145 309.54 172.25C309.561 172.433 309.561 172.617 309.54 172.8C309.527 173.136 309.491 173.47 309.43 173.8C309.36 174.24 309.24 174.8 309.08 175.55" fill="white"></path><path d="M313.14 181.66C312.921 182.711 313.103 183.806 313.65 184.73C313.967 185.074 314.36 185.339 314.797 185.504C315.235 185.669 315.705 185.729 316.17 185.68C317.182 185.685 318.19 185.561 319.17 185.31C319.93 185.125 320.678 184.894 321.41 184.62C321.516 184.915 321.606 185.215 321.68 185.52C321.753 185.815 321.793 186.116 321.8 186.42C321.817 186.623 321.788 186.827 321.715 187.018C321.643 187.208 321.528 187.38 321.38 187.52C320.806 188.047 320.123 188.443 319.38 188.68C318.161 189.076 316.881 189.255 315.6 189.21C314.636 189.217 313.674 189.099 312.74 188.86C311.913 188.642 311.143 188.25 310.48 187.71C309.828 187.152 309.32 186.446 309 185.65C308.624 184.671 308.444 183.628 308.47 182.58C308.446 181.012 308.697 179.452 309.21 177.97C309.659 176.694 310.363 175.524 311.28 174.53C312.151 173.592 313.215 172.854 314.4 172.37C315.636 171.872 316.958 171.62 318.29 171.63C319.922 171.498 321.548 171.948 322.88 172.9C323.357 173.301 323.738 173.803 323.994 174.371C324.25 174.939 324.375 175.557 324.36 176.18C324.39 177.099 324.108 178.001 323.56 178.74C322.963 179.489 322.185 180.074 321.3 180.44C320.174 180.916 318.985 181.23 317.77 181.37C316.245 181.571 314.708 181.668 313.17 181.66H313.14ZM318.04 174.81C317.462 174.8 316.89 174.938 316.38 175.21C315.888 175.489 315.445 175.847 315.07 176.27C314.676 176.715 314.34 177.209 314.07 177.74C313.821 178.25 313.62 178.782 313.47 179.33C315.128 179.343 316.778 179.097 318.36 178.6C318.828 178.482 319.243 178.212 319.54 177.831C319.837 177.451 319.999 176.982 320 176.5C320.013 176.265 319.972 176.03 319.88 175.813C319.788 175.597 319.648 175.404 319.47 175.25C319.045 174.931 318.52 174.775 317.99 174.81" fill="white"></path><path d="M332.15 174.91C331.557 174.867 330.968 175.037 330.49 175.39C330.303 175.547 330.154 175.745 330.055 175.969C329.956 176.192 329.91 176.436 329.92 176.68C329.922 176.867 329.962 177.051 330.035 177.223C330.109 177.394 330.216 177.55 330.35 177.68C330.669 178.008 331.028 178.294 331.42 178.53C331.86 178.8 332.32 179.08 332.82 179.36C333.321 179.637 333.788 179.973 334.21 180.36C334.655 180.774 335.021 181.265 335.29 181.81C335.583 182.435 335.727 183.12 335.71 183.81C335.73 184.616 335.555 185.416 335.2 186.14C334.863 186.794 334.381 187.362 333.79 187.8C333.157 188.259 332.445 188.598 331.69 188.8C330.86 189.012 330.006 189.116 329.15 189.11C327.927 189.144 326.706 188.989 325.53 188.65C324.834 188.486 324.187 188.16 323.64 187.7C323.536 187.577 323.462 187.432 323.422 187.276C323.382 187.12 323.378 186.958 323.41 186.8C323.534 186.176 323.779 185.581 324.13 185.05C324.63 185.19 325.32 185.36 326.2 185.55C327.052 185.73 327.919 185.824 328.79 185.83C329.439 185.857 330.081 185.686 330.63 185.34C330.864 185.172 331.053 184.947 331.177 184.686C331.301 184.426 331.357 184.138 331.34 183.85C331.344 183.641 331.306 183.434 331.229 183.24C331.152 183.046 331.036 182.869 330.89 182.72C330.566 182.39 330.207 182.095 329.82 181.84C329.39 181.56 328.92 181.27 328.41 180.99C327.898 180.716 327.421 180.38 326.99 179.99C326.559 179.586 326.197 179.113 325.92 178.59C325.606 177.971 325.455 177.283 325.48 176.59C325.455 175.79 325.638 174.998 326.01 174.29C326.351 173.67 326.826 173.134 327.4 172.72C328.005 172.299 328.683 171.993 329.4 171.82C330.192 171.628 331.005 171.534 331.82 171.54C332.949 171.498 334.076 171.671 335.14 172.05C335.727 172.255 336.275 172.56 336.76 172.95C336.905 173.103 337.005 173.294 337.047 173.501C337.09 173.708 337.073 173.922 337 174.12C336.839 174.701 336.548 175.237 336.15 175.69C335.901 175.6 335.647 175.523 335.39 175.46L334.39 175.21C334.03 175.13 333.65 175.06 333.26 175C332.893 174.942 332.522 174.912 332.15 174.91Z" fill="white"></path><path d="M344.92 174.91C344.327 174.868 343.739 175.039 343.26 175.39C343.076 175.549 342.93 175.748 342.833 175.971C342.736 176.194 342.69 176.437 342.7 176.68C342.705 177.055 342.856 177.413 343.12 177.68C343.44 178.01 343.803 178.296 344.2 178.53C344.63 178.8 345.1 179.08 345.59 179.36C346.095 179.637 346.564 179.972 346.99 180.36C347.428 180.777 347.79 181.268 348.06 181.81C348.361 182.433 348.509 183.118 348.49 183.81C348.51 184.616 348.335 185.416 347.98 186.14C347.637 186.793 347.151 187.36 346.56 187.8C345.927 188.259 345.215 188.598 344.46 188.8C343.63 189.012 342.776 189.116 341.92 189.11C340.697 189.144 339.476 188.988 338.3 188.65C337.605 188.484 336.958 188.159 336.41 187.7C336.309 187.575 336.236 187.431 336.196 187.275C336.156 187.12 336.151 186.958 336.18 186.8C336.304 186.174 336.552 185.579 336.91 185.05C337.4 185.19 338.09 185.36 338.97 185.55C339.825 185.73 340.696 185.824 341.57 185.83C342.215 185.856 342.854 185.685 343.4 185.34C343.634 185.172 343.822 184.947 343.947 184.686C344.071 184.426 344.127 184.138 344.11 183.85C344.117 183.43 343.959 183.024 343.67 182.72C343.342 182.39 342.98 182.095 342.59 181.84C342.17 181.56 341.7 181.27 341.18 180.99C340.669 180.718 340.195 180.382 339.77 179.99C339.332 179.589 338.967 179.115 338.69 178.59C338.381 177.97 338.23 177.283 338.25 176.59C338.225 175.79 338.407 174.998 338.78 174.29C339.124 173.672 339.598 173.136 340.17 172.72C340.775 172.298 341.453 171.993 342.17 171.82C342.959 171.629 343.768 171.535 344.58 171.54C345.709 171.497 346.836 171.67 347.9 172.05C348.491 172.253 349.043 172.558 349.53 172.95C349.659 173.094 349.749 173.269 349.791 173.459C349.833 173.648 349.826 173.844 349.77 174.03C349.616 174.612 349.329 175.149 348.93 175.6C348.681 175.51 348.427 175.433 348.17 175.37L347.17 175.12C346.81 175.04 346.43 174.97 346.04 174.91C345.673 174.851 345.302 174.821 344.93 174.82" fill="white"></path><path d="M174.34 129.3C172.692 122.778 168.717 117.082 163.164 113.285C157.61 109.488 150.861 107.851 144.185 108.681C137.509 109.512 131.366 112.753 126.913 117.795C122.459 122.837 120.001 129.333 120.001 136.06C120.001 142.787 122.459 149.283 126.913 154.325C131.366 159.367 137.509 162.608 144.185 163.439C150.861 164.27 157.61 162.632 163.164 158.835C168.717 155.038 172.692 149.342 174.34 142.82H162.7C161.152 146.279 158.465 149.101 155.086 150.817C151.708 152.532 147.843 153.036 144.137 152.245C140.432 151.454 137.11 149.415 134.727 146.469C132.344 143.523 131.044 139.849 131.044 136.06C131.044 132.271 132.344 128.597 134.727 125.651C137.11 122.705 140.432 120.666 144.137 119.875C147.843 119.084 151.708 119.588 155.086 121.303C158.465 123.019 161.152 125.841 162.7 129.3H174.34Z" fill="white"></path><path d="M221 136.06C221.002 139.336 220.033 142.538 218.214 145.263C216.396 147.988 213.81 150.112 210.784 151.367C207.758 152.621 204.429 152.951 201.216 152.313C198.003 151.675 195.051 150.099 192.734 147.783C190.417 145.468 188.839 142.517 188.199 139.304C187.559 136.092 187.887 132.762 189.14 129.735C190.393 126.709 192.515 124.122 195.239 122.302C197.962 120.481 201.164 119.51 204.44 119.51C206.614 119.509 208.767 119.936 210.777 120.767C212.786 121.598 214.611 122.817 216.149 124.354C217.687 125.891 218.907 127.716 219.739 129.724C220.572 131.733 221 133.886 221 136.06ZM232 136.06C232 130.603 230.382 125.269 227.35 120.732C224.319 116.195 220.01 112.658 214.968 110.57C209.927 108.482 204.379 107.936 199.028 109C193.676 110.065 188.76 112.692 184.901 116.551C181.042 120.409 178.415 125.326 177.35 130.677C176.286 136.029 176.832 141.577 178.92 146.618C181.008 151.66 184.545 155.969 189.082 159C193.619 162.032 198.953 163.65 204.41 163.65C211.727 163.65 218.745 160.743 223.919 155.569C229.093 150.395 232 143.377 232 136.06" fill="white"></path><path d="M235.59 92L235.58 162.3H247.67V92H235.59Z" fill="white"></path><path d="M277.47 118.4C280.704 118.4 283.849 119.455 286.43 121.404C289.01 123.353 290.885 126.09 291.77 129.2H263.18C264.063 126.091 265.936 123.354 268.515 121.405C271.094 119.456 274.238 118.401 277.47 118.4ZM303.57 138.55C303.64 137.65 303.68 136.73 303.68 135.79C303.68 115.36 288.2 108.47 277.47 108.47C266.75 108.47 251.23 115.36 251.26 135.79C251.26 152.73 263.54 163.65 277.47 163.65C283.109 163.665 288.598 161.836 293.1 158.442C297.603 155.048 300.872 150.275 302.41 144.85H290.54C289.348 147.313 287.495 149.396 285.186 150.866C282.878 152.335 280.206 153.133 277.47 153.17C270.17 153.17 263.63 147.53 262.47 138.54H303.56L303.57 138.55Z" fill="white"></path><path d="M327.67 163.52C313.72 163.52 305.72 156.79 305.72 145.08V144.84H316.64V145.12C317.12 151.36 321.04 154.4 328.64 154.4C334.96 154.4 338.88 151.82 338.88 147.67C338.88 144.15 336.21 142.83 330.96 141.52L323.25 139.57C317.51 138.16 313.68 136.5 311.19 134.34C308.46 131.97 307.19 128.93 307.19 124.75C307.126 122.529 307.573 120.323 308.495 118.302C309.417 116.28 310.791 114.497 312.51 113.09C316.07 110.19 321.21 108.66 327.37 108.66C333.76 108.66 339.12 110.24 342.87 113.24C344.69 114.678 346.15 116.52 347.134 118.62C348.118 120.721 348.6 123.021 348.54 125.34V125.43H337.72V125.34C337.43 120.34 333.72 117.63 326.99 117.63C321.7 117.63 318.41 119.72 318.41 123.09C318.41 126.84 321.67 128.33 326.92 129.53L333.45 130.99C344.19 133.49 350.01 136.66 350.01 146.3C350.1 148.717 349.62 151.122 348.609 153.319C347.598 155.517 346.084 157.446 344.19 158.95C340.34 161.95 334.63 163.57 327.68 163.57" fill="white"></path></svg></a></li><li><a href=" https://www.coles.com.au/about/our-businesses/coles-local" aria-label="Coles Local" data-testid="Coles Local" class="sc-8aaed458-9 dIiIvA coles-targeting-FooterColesBrandLinks" target="" rel="noreferrer"><svg focusable="false" xmlns="http://www.w3.org/2000/svg" width="100%" height="100%" viewBox="0 0 470 282" fill="none"><rect width="470" height="282" fill="black"></rect><path d="M130.25 193.18V110.59H116.25V193.59H130.25V193.18Z" fill="white"></path><path d="M353.64 193.18V110.59H339.64V193.59H353.64V193.18Z" fill="white"></path><path d="M234.05 195.7C241.161 195.706 248.07 193.334 253.678 188.962C259.286 184.59 263.271 178.468 265 171.57H251.49C249.701 175.583 246.589 178.86 242.673 180.853C238.758 182.846 234.277 183.434 229.98 182.52C225.682 181.605 221.829 179.243 219.065 175.828C216.3 172.414 214.792 168.153 214.792 163.76C214.792 159.367 216.3 155.106 219.065 151.692C221.829 148.277 225.682 145.915 229.98 145C234.277 144.086 238.758 144.674 242.673 146.667C246.589 148.66 249.701 151.937 251.49 155.95H265C263.532 150.158 260.468 144.895 256.155 140.76C251.843 136.624 246.457 133.782 240.609 132.558C234.761 131.333 228.686 131.775 223.077 133.833C217.468 135.89 212.549 139.482 208.881 144.198C205.212 148.914 202.942 154.565 202.327 160.508C201.713 166.451 202.779 172.447 205.405 177.814C208.031 183.181 212.111 187.703 217.18 190.865C222.25 194.027 228.105 195.702 234.08 195.7" fill="white"></path><path d="M166.22 144.59C170.004 144.582 173.704 145.696 176.855 147.792C180.005 149.887 182.463 152.87 183.918 156.362C185.374 159.855 185.761 163.7 185.03 167.413C184.3 171.125 182.485 174.538 179.815 177.219C177.145 179.9 173.741 181.729 170.031 182.474C166.322 183.22 162.475 182.85 158.976 181.409C155.478 179.968 152.485 177.523 150.376 174.381C148.268 171.24 147.138 167.544 147.13 163.76V163.76C147.123 161.247 147.612 158.758 148.568 156.435C149.524 154.111 150.929 151.999 152.702 150.218C154.475 148.438 156.581 147.025 158.901 146.059C161.22 145.093 163.707 144.594 166.22 144.59V144.59V144.59ZM166.22 195.7C172.54 195.716 178.723 193.857 183.987 190.358C189.251 186.859 193.358 181.878 195.79 176.044C198.222 170.21 198.869 163.786 197.649 157.584C196.43 151.383 193.398 145.682 188.938 141.204C184.478 136.726 178.79 133.671 172.593 132.426C166.397 131.181 159.97 131.802 154.126 134.21C148.283 136.618 143.285 140.706 139.764 145.955C136.244 151.204 134.36 157.38 134.35 163.7V163.78C134.35 172.239 137.705 180.352 143.68 186.34C149.655 192.328 157.761 195.701 166.22 195.72" fill="white"></path><path d="M319.72 132.44V140.44C317.277 137.785 314.315 135.659 311.018 134.193C307.721 132.728 304.158 131.954 300.55 131.92C296.355 131.924 292.202 132.755 288.328 134.366C284.455 135.977 280.938 138.337 277.977 141.309C275.017 144.282 272.672 147.809 271.077 151.689C269.481 155.568 268.667 159.725 268.68 163.92V163.92C268.68 181.58 283.12 195.86 300 195.86C303.728 195.867 307.414 195.081 310.814 193.553C314.214 192.026 317.25 189.792 319.72 187V193.62H333.44V132.44H319.72ZM300.55 182.92C295.543 182.904 290.747 180.903 287.214 177.357C283.68 173.81 281.697 169.007 281.7 164V163.77C281.7 153.2 289.98 143.97 300.55 143.97C311.12 143.97 319.72 151.62 319.72 163.45C319.726 168.565 317.718 173.476 314.13 177.122C310.543 180.767 305.664 182.854 300.55 182.93V182.92Z" fill="white"></path><path d="M241.55 123.21V86.21H235.32V123.36H241.55V123.21Z" fill="#E01A22"></path><path d="M189.72 123.37C192.907 123.368 196.003 122.304 198.519 120.347C201.034 118.389 202.825 115.649 203.61 112.56H197.61C196.808 114.36 195.413 115.829 193.657 116.723C191.902 117.618 189.892 117.882 187.965 117.472C186.038 117.062 184.31 116.003 183.071 114.472C181.831 112.941 181.154 111.03 181.154 109.06C181.154 107.09 181.831 105.179 183.071 103.648C184.31 102.117 186.038 101.058 187.965 100.648C189.892 100.238 191.902 100.503 193.657 101.397C195.413 102.291 196.808 103.76 197.61 105.56H203.61C202.682 101.888 200.333 98.7353 197.08 96.7952C193.827 94.8552 189.937 94.2868 186.265 95.215C182.593 96.1433 179.44 98.4922 177.5 101.745C175.56 104.998 174.992 108.888 175.92 112.56C176.676 115.648 178.447 118.393 180.949 120.353C183.452 122.313 186.541 123.376 189.72 123.37" fill="#E01A22"></path><path d="M219.15 100.49C220.847 100.49 222.507 100.992 223.919 101.934C225.332 102.875 226.434 104.214 227.087 105.781C227.741 107.347 227.916 109.072 227.59 110.739C227.265 112.405 226.454 113.937 225.259 115.143C224.064 116.349 222.539 117.174 220.876 117.515C219.213 117.856 217.487 117.697 215.914 117.058C214.341 116.419 212.993 115.33 212.038 113.926C211.084 112.522 210.566 110.867 210.55 109.17C210.542 108.035 210.759 106.909 211.187 105.857C211.615 104.806 212.247 103.849 213.046 103.043C213.845 102.236 214.796 101.596 215.844 101.158C216.891 100.719 218.015 100.493 219.15 100.49V100.49ZM219.15 123.37C221.982 123.378 224.752 122.546 227.111 120.979C229.47 119.413 231.312 117.182 232.404 114.569C233.495 111.956 233.787 109.078 233.243 106.299C232.699 103.52 231.344 100.965 229.347 98.9561C227.351 96.9474 224.805 95.5757 222.029 95.0142C219.253 94.4528 216.374 94.7269 213.754 95.8019C211.134 96.8769 208.892 98.7045 207.31 101.054C205.729 103.403 204.88 106.168 204.87 109V109C204.861 110.882 205.223 112.746 205.937 114.488C206.65 116.229 207.7 117.812 209.027 119.146C210.354 120.48 211.931 121.54 213.668 122.263C215.405 122.986 217.268 123.359 219.15 123.36" fill="#E01A22"></path><path d="M249.51 105.46C249.968 103.845 250.94 102.425 252.28 101.414C253.619 100.403 255.252 99.8573 256.93 99.8599C258.607 99.8562 260.239 100.402 261.577 101.413C262.916 102.424 263.886 103.845 264.34 105.46H249.51ZM270.42 110.35C270.42 109.88 270.5 109.41 270.5 108.93C270.5 98.3599 262.45 94.8099 256.93 94.8099C251.41 94.8099 243.36 98.3599 243.36 108.93C243.36 117.69 249.75 123.37 256.93 123.37C259.858 123.373 262.707 122.42 265.043 120.654C267.379 118.889 269.074 116.408 269.87 113.59H263.71C263.088 114.867 262.127 115.948 260.93 116.714C259.734 117.479 258.35 117.9 256.93 117.93C253.14 117.93 249.75 115.01 249.2 110.35H270.42Z" fill="#E01A22"></path><path d="M282.88 123.29C286.51 123.29 289.43 122.5 291.4 120.92C292.372 120.137 293.15 119.138 293.67 118.003C294.191 116.868 294.441 115.628 294.4 114.38C294.4 109.38 291.4 107.75 285.8 106.38L282.41 105.59C279.73 104.96 277.99 104.17 277.99 102.28C277.99 100.39 279.65 99.4399 282.41 99.4399C285.88 99.4399 287.85 100.86 287.93 103.44V103.52H293.53V103.44C293.565 102.234 293.32 101.036 292.813 99.9411C292.306 98.8461 291.552 97.8837 290.61 97.1299C288.274 95.4477 285.435 94.6118 282.56 94.7599C279.796 94.609 277.065 95.418 274.83 97.0499C273.933 97.7829 273.218 98.7128 272.739 99.7673C272.261 100.822 272.032 101.973 272.07 103.13C272.015 104.064 272.171 104.998 272.526 105.863C272.881 106.729 273.425 107.503 274.12 108.13C275.39 109.23 277.36 110.13 280.36 110.81L284.36 111.81C287.04 112.52 288.46 113.15 288.46 114.97C288.46 117.1 286.41 118.44 283.18 118.44C279.23 118.44 277.18 116.86 276.94 113.63V113.47H271.26V113.63C271.5 119.7 275.6 123.17 282.86 123.25" fill="#E01A22"></path></svg></a></li><li><a href="https://www.liquorland.com.au/" aria-label="Liquorland" data-testid="Coles Liquorland" class="sc-8aaed458-9 dIiIvA coles-targeting-FooterColesBrandLinks" target="_blank" rel="noreferrer"><svg focusable="false" xmlns="http://www.w3.org/2000/svg" width="100%" height="100%" viewBox="0 0 470 282" fill="none"><g clip-path="url(#clip0_697_18142)"><path d="M470 0H0V282H470V0Z" fill="#202020"></path><path fill-rule="evenodd" clip-rule="evenodd" d="M208.176 127.684C207.186 127.684 205.406 127.833 203.276 129.892C200.742 132.298 199.589 136.818 199.589 140C199.589 150.914 205.96 154.444 209.046 154.444C216.124 154.444 217.993 146.167 217.993 141.79C217.993 132.531 211.892 127.688 208.62 127.688L208.428 127.686C208.351 127.684 208.267 127.684 208.176 127.684ZM208.791 125C212.027 125 215.552 125.417 219.399 128.439C221.629 130.199 225.368 134.229 225.368 141.449C225.368 144.814 224.239 148.111 222.104 150.985C219.804 153.852 216.21 157.132 208.706 157.132C206.597 157.132 202.469 156.766 198.511 154.312C195.315 152.375 192.086 147.619 192.086 141.364C192.086 138.651 192.787 134.57 196.127 130.535C199.19 126.811 203.333 125 208.791 125ZM123.612 154.443C130.688 154.443 132.558 146.167 132.558 141.79C132.558 132.531 126.456 127.688 123.186 127.688L122.994 127.686C122.916 127.685 122.832 127.684 122.74 127.684C121.75 127.684 119.97 127.833 117.842 129.893C115.307 132.298 114.154 136.819 114.154 140.001C114.154 150.913 120.526 154.443 123.612 154.443ZM154.991 160.578C155.151 160.508 155.45 160.379 155.726 160.681L156.17 161.092C156.374 161.301 156.336 161.628 156.192 161.843C154.424 164.473 151.75 166.231 148.457 166.926C147.618 167.104 146.673 167.19 145.648 167.19C138.879 167.19 128.643 163.411 122.374 157.11C119.988 157.002 116.481 156.422 113.077 154.311C109.88 152.375 106.651 147.619 106.651 141.364C106.651 138.651 107.352 134.57 110.692 130.536C113.756 126.811 117.898 125 123.356 125C126.593 125 130.117 125.417 133.965 128.439C136.195 130.199 139.934 134.23 139.934 141.449C139.934 144.814 138.805 148.111 136.67 150.985C134.191 154.075 131.474 155.846 127.955 156.643C133.787 159.499 139.687 161.181 145.076 161.515C149.64 161.798 152.882 161.492 154.991 160.578ZM181.88 125.511C181.765 125.511 181.565 125.522 181.281 125.537C180.598 125.576 179.456 125.639 177.831 125.639C175.765 125.639 174.159 125.573 173.284 125.537L173.258 125.536C172.909 125.52 172.668 125.511 172.547 125.511C172.122 125.511 171.907 125.727 171.907 126.152V127.259C171.907 127.855 172.308 127.943 172.547 127.943H173.911C174.478 127.943 175.01 128.624 175.151 129.535C175.326 130.545 175.742 135.184 175.742 138.722V145.284C175.742 148.148 174.853 150.461 173.167 151.978C172.123 152.945 169.927 153.762 168.371 153.762C166.311 153.762 164.512 152.959 163.315 151.507C162.307 150.225 162.057 148.153 162.024 146.637L162.021 146.538C161.882 142.078 161.812 139.076 161.812 137.614V134.802C161.812 132.573 161.854 129.742 161.895 129.297C161.957 128.672 162.496 127.943 163.812 127.943H165.261C165.721 127.943 165.945 127.734 165.945 127.303V126.195C165.945 125.721 165.721 125.511 165.219 125.511C165.094 125.511 164.859 125.52 164.513 125.533C163.537 125.57 161.718 125.639 158.955 125.639C155.542 125.639 153.533 125.565 152.567 125.529L152.496 125.527C152.235 125.517 152.061 125.511 151.966 125.511C151.465 125.511 151.24 125.721 151.24 126.195V127.217C151.24 127.415 151.24 127.943 151.882 127.943H153.884C154.332 127.943 154.734 128.083 154.734 129.774V139.83C154.734 145.184 154.877 148.261 155.651 150.22C156.671 152.939 158.539 155.059 160.78 156.039C162.66 156.845 165.451 157.132 167.434 157.132C170.328 157.132 173.305 156.086 175.204 154.404C177.451 152.415 178.674 149.678 178.94 146.035C179.069 144.358 179.154 136.879 179.154 136.294C179.154 133.317 179.175 129.691 179.232 129.288L179.248 129.205C179.336 128.734 179.484 127.943 180.729 127.943H182.05C182.273 127.943 182.648 127.843 182.648 127.175V126.237C182.648 125.637 182.231 125.511 181.88 125.511ZM322.739 131.214C322.556 131.688 319.444 140.225 318.671 142.444H326.152L323.078 131.582C323.017 131.352 322.938 131.054 322.876 130.916C322.843 130.951 322.799 131.031 322.739 131.214ZM338.946 154.199H340.394C340.584 154.199 341.026 154.269 341.026 154.917V155.726C341.026 156.528 340.525 156.615 340.309 156.615C340.08 156.615 339.844 156.604 339.504 156.59C338.657 156.553 337.081 156.487 333.154 156.487C330.795 156.487 329.35 156.544 328.394 156.581L328.389 156.582L328.383 156.582C327.912 156.601 327.559 156.615 327.277 156.615C326.744 156.615 326.474 156.315 326.474 155.726V154.917C326.474 154.269 326.886 154.199 327.063 154.199H328.256C328.737 154.199 329.046 154.118 329.174 153.958C329.296 153.804 329.307 153.507 329.208 153.076C328.841 151.614 327.297 146.539 326.736 144.816H317.882C317.292 146.406 315.558 151.409 315.558 152.574C315.558 153.181 315.73 154.199 316.885 154.199H318.375C319.074 154.199 319.177 154.622 319.177 154.874V155.812C319.177 156.072 319.177 156.615 318.46 156.615C318.31 156.615 318.074 156.605 317.741 156.592L317.67 156.589C316.73 156.551 315.159 156.487 312.668 156.487C310.514 156.487 309.4 156.548 308.735 156.586L308.735 156.586C308.43 156.602 308.211 156.615 308.025 156.615C307.737 156.615 307.393 156.461 307.393 155.726V154.917C307.393 154.44 307.605 154.199 308.025 154.199H309.133C310.092 154.199 310.998 153.602 311.75 152.474C312.324 151.613 315.325 144.266 316.741 140.488C317.029 139.769 320.519 130.516 320.911 129.342L320.944 129.234C321.059 128.863 321.168 128.47 320.981 128.174L320.98 128.173C320.927 128.103 320.836 127.984 320.076 127.948L319.998 127.95L318.537 127.907C318.188 127.907 317.948 127.65 317.948 127.266V126.116C317.948 125.736 318.166 125.518 318.546 125.518C318.687 125.518 319.061 125.531 319.564 125.55L319.627 125.552L319.627 125.552C320.653 125.59 322.164 125.646 323.344 125.646C324.246 125.646 325.092 125.612 325.709 125.587L325.748 125.586C326.108 125.572 326.397 125.56 326.584 125.56C327.292 125.56 327.799 125.849 327.973 126.352C328.365 127.649 329.17 130.193 330.066 132.885C331.066 135.847 332.058 138.798 332.453 140.128C333.45 143.508 336.195 151.348 336.773 152.463C337.48 153.836 338.504 154.199 338.946 154.199ZM246.637 141.082C252.032 141.082 253.246 135.873 253.246 134.047C253.246 132.245 252.634 130.423 251.724 129.514C250.253 128.206 248.384 127.737 247.234 127.737C246.505 127.737 246.074 127.83 245.835 128.038L245.801 128.065C245.73 128.112 245.595 128.292 245.481 128.967L245.274 141.055C245.894 141.082 246.316 141.082 246.637 141.082ZM262.139 153.42C262.534 153.848 264.026 154.199 264.994 154.199C265.418 154.199 265.671 154.451 265.671 154.874V155.897C265.671 156.373 265.443 156.615 264.994 156.615C264.907 156.615 264.773 156.607 264.568 156.595C263.974 156.56 262.737 156.486 260.266 156.486C259.406 156.486 258.391 156.528 257.408 156.569L257.361 156.571L257.216 156.576C256.873 156.591 256.542 156.604 256.232 156.614L256.112 156.619L256.017 156.546C254.472 155.361 251.31 149.124 251.279 149.061L251.278 149.06C250.253 147.01 248.347 143.198 246.339 143.198H245.226V145.036C245.226 147.559 245.353 152.289 245.435 152.821C245.498 153.468 245.725 154.199 246.17 154.199H247.915C248.223 154.199 248.591 154.316 248.591 154.874V155.897C248.591 156.562 248.15 156.615 247.575 156.615L247.509 156.611C247.071 156.573 245.659 156.486 241.996 156.486C238.589 156.486 237.197 156.56 236.528 156.595C236.301 156.607 236.15 156.615 236.032 156.615C235.357 156.615 235.357 156.12 235.357 155.854V154.874C235.357 154.69 235.357 154.199 235.904 154.199H237.182C238.388 154.199 238.551 153.679 238.551 153.17C238.636 148.951 238.636 144.86 238.636 140.905V136.774C238.636 133.622 238.636 130.902 238.594 129.758C238.558 128.571 238.135 127.951 237.737 127.951H236.032C235.894 127.951 235.443 127.905 235.443 127.318V126.168C235.443 125.645 235.763 125.536 236.032 125.536C236.121 125.536 236.259 125.542 236.472 125.552C237.162 125.585 238.78 125.663 242.379 125.663C243.618 125.663 245.264 125.628 246.739 125.595L246.887 125.592C248.205 125.563 249.449 125.536 250.258 125.536C253.291 125.536 255.977 126.538 258.024 128.436C259.658 129.934 260.558 131.67 260.558 133.324C260.558 138.694 256.738 141.169 253.185 141.743C254.247 142.261 254.885 143.066 255.503 143.848C255.912 144.352 257.221 146.428 258.088 147.803L258.314 148.159L258.315 148.162C258.527 148.497 258.685 148.747 258.756 148.854C258.989 149.203 261.299 152.455 262.139 153.42ZM92.8432 154.188H94.5903C95.0053 154.188 95.2743 154.44 95.2743 154.829V156.023C95.2743 156.312 95.0833 156.621 94.548 156.621C94.4129 156.621 94.1969 156.612 93.8795 156.6L93.8647 156.599C92.9555 156.561 91.2635 156.493 88.2837 156.493C84.9112 156.493 83.0316 156.566 82.1291 156.602C81.8265 156.613 81.6261 156.621 81.509 156.621C81.0874 156.621 80.8251 156.359 80.8251 155.938V154.787C80.8251 154.489 81.0369 154.188 81.509 154.188H82.7444C83.7908 154.188 84.2192 153.954 84.3241 153.324C84.4028 152.736 84.5319 143.664 84.5319 141.279V138.296C84.5319 137.327 84.4048 129.621 84.3631 129.075C84.2844 128.129 83.9125 127.943 83.2985 127.943H81.2528C80.7814 127.943 80.5696 127.644 80.5696 127.346V126.11C80.5696 125.763 80.8386 125.511 81.2105 125.511C81.345 125.511 81.5938 125.519 81.961 125.533L81.9741 125.533C83.0337 125.57 84.9959 125.639 88.0705 125.639C91.2284 125.639 92.8101 125.571 93.6608 125.535L93.6663 125.535C93.9905 125.521 94.2124 125.511 94.3772 125.511C94.5278 125.511 95.018 125.564 95.018 126.237V127.303C95.018 127.692 94.7504 127.943 94.3348 127.943H93.0994C91.737 127.943 91.737 128.519 91.737 128.708C91.737 128.914 91.708 131.151 91.6771 133.52L91.6597 134.89L91.6596 134.891C91.6329 136.988 91.6092 138.845 91.6092 139.063V142.344C91.6092 142.544 91.6377 144.852 91.6674 147.259L91.6751 147.884C91.7074 150.417 91.737 152.808 91.737 152.997C91.737 154.103 92.1956 154.188 92.8432 154.188ZM71.4827 147.13L70.5937 146.768C70.4107 146.676 70.2359 146.657 70.0765 146.711C69.8411 146.79 69.7107 147.001 69.6118 147.201C68.8331 149.121 66.0053 153.711 64.0597 153.891C61.7746 154.103 59.8782 154.103 57.8701 154.103H55.7639C55.661 151.93 55.6556 144.379 55.6556 142.813V139.148C55.6556 137.078 55.7182 133.325 55.7559 131.063L55.7565 131.029L55.767 130.368L55.767 130.368C55.7771 129.738 55.7841 129.304 55.7841 129.177C55.7841 128.13 55.8688 127.943 56.9327 127.943H58.9354C59.6045 127.943 59.704 127.515 59.704 127.259V126.28C59.704 126.07 59.704 125.512 58.9784 125.512C58.8923 125.512 58.7383 125.517 58.4976 125.526C57.665 125.561 55.7155 125.639 51.8197 125.639C48.9881 125.639 47.4322 125.571 46.5856 125.535H46.5856L46.5514 125.533C46.2602 125.52 46.0632 125.512 45.9388 125.512C45.5138 125.512 45.2986 125.727 45.2986 126.153V127.175C45.2986 127.888 45.7888 127.943 45.9388 127.943H47.5158C48.1883 127.943 48.3678 128.062 48.4519 129.156C48.4949 129.843 48.579 134.357 48.579 137.061V139.447C48.579 141.113 48.5272 146.041 48.4889 149.638L48.4802 150.467L48.4802 150.467C48.4635 152.046 48.4512 153.216 48.4512 153.466C48.4512 153.645 48.4512 154.189 46.9617 154.189H45.6409C45.2152 154.189 45 154.404 45 154.829V155.894C45 156.233 45.0773 156.62 45.6833 156.62C45.8339 156.62 46.0551 156.612 46.38 156.598C47.2609 156.561 48.9011 156.493 51.9899 156.493C56.0046 156.493 68.1801 156.536 69.2635 156.619L69.5594 156.643L69.6246 156.353C69.9138 155.051 71.554 148.314 71.6945 147.929L71.7154 147.854C71.7577 147.603 71.8008 147.341 71.4827 147.13ZM414.091 131.58C416.134 133.841 417.454 137.397 417.454 140.64C417.454 144.141 416.348 147.696 414.498 150.148C412.251 153.13 408.948 154.188 406.803 154.188C405.186 154.188 404.047 153.871 403.677 153.315C403.198 152.616 403.012 152.013 403.012 151.159C402.97 148.562 402.927 141.297 402.927 140.725V137.7C402.927 136.231 402.93 131.311 402.969 129.663C403.013 128.766 403.204 128.32 403.642 128.115C404.121 127.857 404.69 127.815 405.865 127.815C408.213 127.815 411.893 129.134 414.091 131.58ZM420.103 129.468C416.124 126.158 411.713 125.511 405.44 125.511C405 125.511 403.924 125.536 402.74 125.565L402.426 125.572C401.065 125.605 399.657 125.639 399.089 125.639C395.965 125.639 394.135 125.57 393.152 125.533L393.035 125.529C392.74 125.518 392.533 125.511 392.401 125.511C391.791 125.511 391.76 125.974 391.76 126.066V127.302C391.76 127.542 391.849 127.943 392.443 127.943H394.574C395.233 127.943 395.544 128.072 395.64 128.839C395.721 129.443 395.851 135.489 395.851 136.591V139.787C395.851 143.244 395.676 152.616 395.555 153.466C395.512 153.802 395.358 154.188 394.531 154.188H392.315C391.843 154.188 391.632 154.488 391.632 154.786V155.895C391.632 156.494 391.981 156.621 392.272 156.621C392.445 156.621 392.712 156.61 393.091 156.595L393.132 156.593C394.09 156.555 395.678 156.492 398.281 156.492C399.8 156.492 402.408 156.546 404.312 156.585L404.614 156.591C405.472 156.608 406.119 156.621 406.334 156.621C408.828 156.621 416.415 156.621 420.691 151.992C423.711 148.698 425 145.277 425 140.554C425 135.971 423.306 132.138 420.103 129.468ZM381.148 125.539C381.424 125.522 381.621 125.511 381.767 125.511C382.146 125.511 382.535 125.592 382.535 126.195V127.217C382.535 127.891 382.11 127.943 381.98 127.943H380.786C380.272 127.943 379.957 128.598 379.849 129.888C379.564 132.614 378.87 142.315 378.87 147.969V155.255C378.87 155.779 378.87 157.004 377.889 157.004C377.145 157.004 376.504 156.741 375.985 156.222C375.208 155.491 373.051 153.14 370.596 150.235C369.086 148.452 367.493 146.554 366.168 144.976L365.931 144.694L365.789 144.525L365.782 144.517L365.776 144.509C364.601 143.111 363.682 142.016 363.312 141.588C362.63 140.785 357.515 134.416 355.988 132.362V140.384C355.988 142.728 356.158 145.83 356.283 148.119L356.287 148.191C356.35 149.334 356.4 150.237 356.415 150.772C356.518 153.782 357.635 154.188 358.714 154.188H359.779C360.233 154.188 360.463 154.432 360.463 154.914V155.937C360.463 156.231 360.392 156.621 359.779 156.621C359.643 156.621 359.291 156.608 358.811 156.59C357.754 156.551 356.158 156.493 354.794 156.493C353.957 156.493 352.465 156.544 351.375 156.583L351.09 156.592C350.605 156.609 350.238 156.621 350.106 156.621C349.551 156.621 349.551 156.074 349.551 155.895V154.787C349.551 154.423 349.786 154.188 350.149 154.188H351.64C352.391 154.188 352.949 152.73 353.131 150.287C353.147 149.996 353.514 142.917 353.514 136.378V132.543C353.514 130.044 352.02 127.98 350.185 127.943L349.113 127.9H349.112C348.769 127.9 348.528 127.643 348.528 127.259V126.109C348.528 125.729 348.747 125.511 349.127 125.511C349.226 125.511 349.35 125.518 349.533 125.527L349.566 125.529C350.198 125.565 351.512 125.639 354.921 125.639C355.823 125.639 356.669 125.606 357.286 125.581C357.664 125.565 357.966 125.554 358.16 125.554C358.789 125.554 359.235 125.754 359.652 126.222C359.841 126.45 368.247 136.733 369.547 138.336C369.802 138.645 371.095 140.26 372.506 142.023L372.522 142.043L372.706 142.273L373.261 142.966L373.273 142.981L373.316 143.034C374.531 144.553 375.753 146.079 376.395 146.875V143.75C376.395 139.742 376.347 137.719 376.268 135.753C376.222 133.941 376.006 129.904 375.891 129.329C375.663 128.381 374.734 127.943 373.969 127.943H372.605C372.332 127.943 372.007 127.817 372.007 127.217V126.152C372.007 125.578 372.421 125.511 372.732 125.511C372.867 125.511 373.073 125.521 373.368 125.536C374.097 125.572 375.451 125.639 377.717 125.639C379.498 125.639 380.531 125.577 381.148 125.539ZM301.408 147.13L300.52 146.768C300.24 146.627 299.844 146.585 299.538 147.201C298.76 149.12 295.932 153.711 293.986 153.891C291.7 154.103 289.804 154.103 287.796 154.103H285.691C285.588 151.93 285.582 144.38 285.582 142.813V139.148C285.582 137.067 285.645 133.288 285.682 131.029L285.693 130.367C285.703 129.737 285.71 129.304 285.71 129.177C285.71 128.129 285.795 127.943 286.859 127.943H288.861C289.53 127.943 289.629 127.515 289.629 127.259V126.28C289.629 126.07 289.629 125.511 288.903 125.511C288.818 125.511 288.664 125.517 288.422 125.527C287.591 125.561 285.641 125.639 281.745 125.639C278.914 125.639 277.358 125.571 276.512 125.535L276.477 125.533C276.186 125.52 275.989 125.511 275.865 125.511C275.44 125.511 275.224 125.726 275.224 126.152V127.175C275.224 127.888 275.715 127.943 275.865 127.943H277.441C278.114 127.943 278.294 128.063 278.379 129.157C278.42 129.841 278.504 134.354 278.504 137.06V139.446C278.504 141.094 278.454 145.928 278.416 149.514L278.415 149.639C278.393 151.626 278.377 153.175 278.377 153.465C278.377 153.645 278.377 154.188 276.888 154.188H275.567C275.141 154.188 274.926 154.404 274.926 154.83V155.895C274.926 156.233 275.003 156.62 275.609 156.62C275.759 156.62 275.98 156.612 276.306 156.598C277.186 156.561 278.826 156.493 281.916 156.493C285.93 156.493 298.106 156.536 299.189 156.62L299.485 156.643L299.55 156.353C299.839 155.051 301.483 148.296 301.618 147.934L301.642 147.854C301.684 147.602 301.727 147.341 301.408 147.13Z" fill="white"></path></g><defs><clipPath id="clip0_697_18142"><rect width="470" height="282" fill="white"></rect></clipPath></defs></svg></a></li><li><a href="https://www.firstchoiceliquor.com.au/" aria-label="First choice liquor market" data-testid="Coles First Choice" class="sc-8aaed458-9 dIiIvA coles-targeting-FooterColesBrandLinks" target="_blank" rel="noreferrer"><svg focusable="false" xmlns="http://www.w3.org/2000/svg" width="100%" height="100%" viewBox="0 0 470 282" fill="none"><rect width="470" height="282" fill="white"></rect><rect x="75" y="77" width="319" height="117.406" fill="url(#pattern0)"></rect><defs><pattern id="pattern0" patternContentUnits="objectBoundingBox" width="1" height="1"><use xlink:href="#image0_697_18144" transform="scale(0.000568182 0.0015456)"></use></pattern><image id="image0_697_18144" width="1760" height="647" xlink:href="data:image/png;base64,iVBORw0KGgoAAAANSUhEUgAABuAAAAKHCAYAAABw9o5pAAAABGdBTUEAALGOfPtRkwAAQABJREFUeAHs3Qe8JWV5P/DZhqCIKIhiAwUVsTfsioo1scQSjNhLFDVGY8UYo9GomIgl0djlTxSCDWtAo4K9d7GgCBbEgthAkWV3/7+Hvde97O7dveWUKd/5fJ49d8+Z877P+33nnnPuPDNzVjQWAgQILEBg7bF7HpLVHpa415qDz/zDAp5iFQIECBAgQIAAAQIECBAgQIAAAQIECBAgMEiBFYMctUETILAogZni21F50srEiYm/VIRbFKGVCRAgQIAAAQIECBAgQIAAAQIECBAgQGBAAgpwA5psQyWwFIHNim+zTSjCzUq4JUCAAAECBAgQIECAAAECBAgQIECAAAECmwkowG0G4r8ECGwSmKf4NruCItyshFsCBAgQIECAAAECBAgQIECAAAECBAgQIDBHQAFuDoYfCRDYJLCd4tvsiopwsxJuCRAgQIAAAQIECBAgQIAAAQIECBAgQIDAjIACnE2BAIEtBBZYfJt9niLcrIRbAgQIECBAgAABAgQIECBAgAABAgQIECAQAQU4mwEBAhcRWGTxbfa5inCzEm4JECBAgAABAgQIECBAgAABAgQIECBAYPACCnCD3wQAENgksMTi22wDinCzEm4JECBAgAABAgQIECBAgAABAgQIECBAYNACCnCDnn6DJ7BJYJnFt9mGPpMf7rbm4DN/O3uHWwIECBAgQIAAAQIECBAgQIAAAQIECBAgMDQBBbihzbjxEtiKwIiKb7Mtfz4/3FkRbpbDLQECBAgQIECAAAECBAgQIECAAAECBAgMTUABbmgzbrwENhMYcfFttnVFuFkJtwQIECBAgAABAgQIECBAgAABAgQIECAwOAEFuMFNuQET2CQwpuLbbAeKcLMSbgkQIECAAAECBAgQIECAAAECBAgQIEBgUAIKcIOaboMlsElgzMW32Y4U4WYl3BIgQIAAAQIECBAgQIAAAQIECBAgQIDAYAQU4AYz1QZKYJPAhIpvsx0qws1KuCVAgAABAgQIECBAgAABAgQIECBAgACBQQgowA1img2SwCaBCRffZjtWhJuVcEuAAAECBAgQIECAAAECBAgQIECAAAECvRdQgOv9FBsggU0CUyq+zSagCDcr4ZYAAQIECBAgQIAAAQIECBAgQIAAAQIEei2gANfr6TU4ApsEplx8m01EEW5Wwi0BAgQIECBAgAABAgQIECBAgAABAgQI9FZAAa63U2tgBDYJtKT4NpuQItyshFsCBAgQIECAAAECBAgQIECAAAECBAgQ6KWAAlwvp9WgCGwSaFnxbTYxRbhZCbcECBAgQIAAAQIECBAgQIAAAQIECBAg0DsBBbjeTakBEdgk0NLi22yCinCzEm4JECBAgAABAgQIECBAgAABAgQIECBAoFcCCnC9mk6DIbBJoOXFt9lEFeFmJdwSIECAAAECBAgQIECAAAECBAgQIECAQG8EFOB6M5UGQmCTQEeKb7MJK8LNSrglQIAAAQIECBAgQIAAAQIECBAgQIAAgV4IKMD1YhoNgsAmgY4V32YTV4SblXBLgAABAgQIECBAgAABAgQIECBAgAABAp0XUIDr/BQaAIFNAh0tvs0OQBFuVsItAQIECBAgQIAAAQIECBAgQIAAAQIECHRaQAGu09MneQKbBDpefJsdiCLcrIRbAgQIECBAgAABAgQIECBAgAABAgQIEOisgAJcZ6dO4gQ2CfSk+DY7IEW4WQm3BAgQIECAAAECBAgQIECAAAECBAgQINBJAQW4Tk6bpAlsEuhZ8W12YIpwsxJuCRAgQIAAAQIECBAgQIAAAQIECBAgQKBzAgpwnZsyCRPYJNDT4tvsABXhZiXcEiBAgAABAgQIECBAgAABAgQIECBAgECnBBTgOjVdkiWwSaDnxbfZgSrCzUq4JUCAAAECBAgQIECAAAECBAgQIECAAIHOCCjAdWaqJEpgk8BAim+zA1aEm5VwS4AAAQIECBAgQIAAAQIECBAgQIAAAQKdEFCA68Q0SZLAJoGBFd9mB64INyvhlgABAgQIECBAgAABAgQIECBAgAABAgRaL6AA1/opkiCBTQIDLb7NAijCzUq4JUCAAAECBAgQIECAAAECBAgQIECAAIFWCyjAtXp6JEdgk8DAi2+zEIpwsxJuCRAgQIAAAQIECBAgQIAAAQIECBAgQKC1AgpwrZ0aiRHYJKD4tskiPynCXYTDfwgQIECAAAECBAgQIECAAAECBAgQIECgbQIKcG2bEfkQ2ExA8W0zkI3/VYTbKos7CRAgQIAAAQIECBAgQIAAAQIECBAgQKANAgpwbZgFORCYR0DxbR6YjXcrwm2Tx4MECBAgQIAAAQIECBAgQIAAAQIECBAgMC0BBbhpyeuXwHYEFN+2A7TxYUW4BTFZiQABAgQIECBAgAABAgQIECBAgAABAgQmKaAAN0ltfRFYoIDi2wKhNq6mCLcoLisTIECAAAECBAgQIECAAAECBAgQIECAwLgFFODGLax9AosUUHxbJNjG1RXhlsTmSQQIECBAgAABAgQIECBAgAABAgQIECAwDgEFuHGoapPAEgUU35YIt/FpinDL4vNkAgQIECBAgAABAgQIECBAgAABAgQIEBiVgALcqCS1Q2CZAopvywTc+HRFuJEwaoQAAQIECBAgQIAAAQIECBAgQIAAAQIEliOgALccPc8lMCIBxbcRQW5sRhFupJwaI0CAAAECBAgQIECAAAECBAgQIECAAIHFCijALVbM+gRGLKD4NmLQjc0pwo2FVaMECBAgQIAAAQIECBAgQIAAAQIECBAgsBABBbiFKFmHwJgEFN/GBLuxWUW4sfJqnAABAgQIECBAgAABAgQIECBAgAABAgTmE1CAm0/G/QTGLKD4Nmbgjc0rwk2EWScECBAgQIAAAQIECBAgQIAAAQIECBAgMFdAAW6uhp8JTEhA8W1C0Bu7UYSbKLfOCBAgQIAAAQIECBAgQIAAAQIECBAgQEABzjZAYMICim8TBt/YnSLcVNh1SoAAAQIECBAgQIAAAQIECBAgQIAAgWEKKMANc96NekoCim9Tgt/YrSLcVPl1ToAAAQIECBAgQIAAAQIECBAgQIAAgeEIKMANZ66NdMoCim9TnoCN3SvCtWIaJEGAAAECBAgQIECAAAECBAgQIECAAIF+CyjA9Xt+ja4lAopvLZmIjWkowrVqOiRDgAABAgQIECBAgAABAgQIECBAgACB/gkowPVvTo2oZQKKby2bkI3pKMK1clokRYAAAQIECBAgQIAAAQIECBAgQIAAgX4IKMD1Yx6NoqUCim8tnZiNaSnCtXp6JEeAAAECBAgQIECAAAECBAgQIECAAIHuCijAdXfuZN5yAcW3lk/QxvQU4ToxTZIkQIAAAQIECBAgQIAAAQIECBAgQIBAtwQU4Lo1X7LtiIDiW0cmamOainCdmi7JEiBAgAABAgQIECBAgAABAgQIECBAoP0CCnDtnyMZdkxA8a1jE7YxXUW4Tk6bpAkQIECAAAECBAgQIECAAAECBAgQINBOAQW4ds6LrDoqoPjW0YnbmLYiXKenT/IECBAgQIAAAQIECBAgQIAAAQIECBBoj4ACXHvmQiYdF1B86/gEbkxfEa4X02gQBAgQIECAAAECBAgQIECAAAECBAgQmK6AAtx0/fXeEwHFt55M5MZhKML1ajoNhgABAgQIECBAgAABAgQIECBAgAABApMXUICbvLkeeyag+NazCd04HEW4Xk6rQREgQIAAAQIECBAgQIAAAQIECBAgQGAyAgpwk3HWS08FFN96OrEbh6UI1+vpNTgCBAgQIECAAAECBAgQIECAAAECBAiMT0ABbny2Wu65gOJbzyd44/AU4QYxzQZJgAABAgQIECBAgAABAgQIECBAgACB0QoowI3WU2sDEVB8G8hEbxymItygpttgCRAgQIAAAQIECBAgQIAAAQIECBAgsHwBBbjlG2phYAKKbwOb8I3DVYQb5LQbNAECBAgQIECAAAECBAgQIECAAAECBJYmoAC3NDfPGqiA4ttAJ37jsBXhBj39Bk+AAAECBAgQIECAAAECBAgQIECAAIGFCyjALdzKmgMXUHwb+AawcfiKcDYDAgQIECBAgAABAgQIECBAgAABAgQIENiugALcdomsQKBpFN9sBXMEFOHmYPiRAAECBAgQIECAAAECBAgQIECAAAECBLYUUIDb0sQ9BC4ioPh2EQ7/2SigCGdLIECAAAECBAgQIECAAAECBAgQIECAAIF5BRTg5qXxAAFnvtkGtimgCLdNHg8SIECAAAECBAgQIECAAAECBAgQIEBguAIKcMOdeyPfjoAz37YD5OESUISzHRAgQIAAAQIECBAgQIAAAQIECBAgQIDAFgIKcFuQuIOAM99sA4sSUIRbFJeVCRAgQIAAAQIECBAgQIAAAQIECBAg0H8BBbj+z7ERLlLAmW+LBLN6CSjC2Q4IECBAgAABAgQIECBAgAABAgQIECBA4M8CCnB/pvADAWe+2QaWJaAItyw+TyZAgAABAgQIECBAgAABAgQIECBAgEB/BBTg+jOXRrJMAWe+LRPQ00tAEc52QIAAAQIECBAgQIAAAQIECBAgQIAAAQKNApyNgEAEFN9sBiMUUIQbIaamCBAgQIAAAQIECBAgQIAAAQIECBAg0EUBBbguzpqcRyqg+DZSTo1tFFCEsyUQIECAAAECBAgQIECAAAECBAgQIEBgwAIKcAOefEN35pttYKwCinBj5dU4AQIECBAgQIAAAQIECBAgQIAAAQIE2iugANfeuZHZmAWc+TZmYM2XgCKc7YAAAQIECBAgQIAAAQIECBAgQIAAAQIDFFCAG+CkG7Iz32wDExVQhJsot84IECBAgAABAgQIECBAgAABAgQIECAwfQEFuOnPgQwmLODMtwmD664EFOFsBwQIECBAgAABAgQIECBAgAABAgQIEBiQgALcgCbbUJ35ZhuYqoAi3FT5dU6AAAECBAgQIECAAAECBAgQIECAAIHJCSjATc5aT1MWcObblCdA9yWgCGc7IECAAAECBAgQIECAAAECBAgQIECAwAAEVg5gjIZIoEnx7dFhOCphm7c9TFPggHT+oWyPl5pmEvomQIAAAQIECBAgQIAAAQIECBAgQIAAgfEKKEaM11frLRBIsePQpPG6hO29BfMhhUYRzkZAgAABAgQIECBAgAABAgQIECBAgACBngu4BGXPJ3jow5spvr166A7G30oBl6Ns5bRIigABAgQIECBAgAABAgQIECBAgAABAssXUIBbvqEWWiqg+NbSiZHWXAFFuLkafiZAgAABAgQIECBAgAABAgQIECBAgEBPBBTgejKRhnFRAcW3i3r4X6sFFOFaPT2SI0CAAAECBAgQIECAAAECBAgQIECAwOIFFOAWb+YZLRdQfGv5BElvawKKcFtTcR8BAgQIECBAgAABAgQIECBAgAABAgQ6KqAA19GJk/bWBRTftu7i3k4IKMJ1YpokSYAAAQIECBAgQIAAAQIECBAgQIAAge0LKMBt38gaHRFQfOvIRElzWwKKcNvS8RgBAgQIECBAgAABAgQIECBAgAABAgQ6IqAA15GJkua2BRTftu3j0U4JKMJ1arokS4AAAQIECBAgQIAAAQIECBAgQIAAgS0FFOC2NHFPxwQU3zo2YdJdiIAi3EKUrEOAAAECBAgQIECAAAECBAgQIECAAIGWCijAtXRipLUwAcW3hTlZq5MCinCdnDZJEyBAgAABAgQIECBAgAABAgQIECBAoGlWQiDQVQHFt67OnLwXKHBA1vtQtvPdFri+1QgQIECAAAECBAgQIECAAAECBAgQIECgJQLOgGvJREhjcQKKb4vzsnanBb6Z7O+w5uAzf9npUUieAAECBAgQIECAAAECBAgQIECAAAECAxJQgBvQZPdlqIpvfZlJ41iEgCLcIrCsSoAAAQIECBAgQIAAAQIECBAgQIAAgWkLKMBNewb0vygBxbdFcVm5XwKKcP2aT6MhQIAAAQIECBAgQIAAAQIECBAgQKDHAgpwPZ7cvg1N8a1vM2o8SxBQhFsCmqcQIECAAAECBAgQIECAAAECBAgQIEBg0gIKcJMW19+SBBTflsTmSf0UUITr57waFQECBAgQIECAAAECBAgQIECAAAECPRJQgOvRZPZ1KIpvfZ1Z41qGgCLcMvA8lQABAgQIECBAgAABAgQIECBAgAABAuMWUIAbt7D2lyWg+LYsPk/ut4AiXL/n1+gIECBAgAABAgQIECBAgAABAgQIEOiwgAJchyev76krvvV9ho1vBAKKcCNA1AQBAgQIECBAgAABAgQIECBAgAABAgRGLaAAN2pR7Y1EQPFtJIwaGYaAItww5tkoCRAgQIAAAQIECBAgQIAAAQIECBDokIACXIcmayipKr4NZaaNc4QCinAjxNQUAQIECBAgQIAAAQIECBAgQIAAAQIEliugALdcQc8fqYDi20g5NTYsAUW4Yc230RIgQIAAAQIECBAgQIAAAQIECBAg0GIBBbgWT87QUlN8G9qMG+8YBBThxoCqSQIECBAgQIAAAQIECBAgQIAAAQIECCxWQAFusWLWH4uA4ttYWDU6TAFFuGHOu1ETIECAAAECBAgQIECAAAECBAgQINAiAQW4Fk3GUFNRfBvqzBv3GAUU4caIq2kCBAgQIECAAAECBAgQIECAAAECBAhsT0ABbntCHh+rgOLbWHk1PmwBRbhhz7/REyBAgAABAgQIECBAgAABAgQIECAwRQEFuCniD71rxbehbwHGPwEBRbgJIOuCAAECBAgQIECAAAECBAgQIECAAAECmwsowG0u4v8TEVB8mwizTgiUgCKc7YAAAQIECBAgQIAAAQIECBAgQIAAAQITFlCAmzC47ppG8c1WQGDiAopwEyfXIQECBAgQIECAAAECBAgQIECAAAECQxZQgBvy7E9h7IpvU0DXJYGNAopwtgQCBAgQIECAAAECBAgQIECAAAECBAhMSEABbkLQunHmm22AQAsEFOFaMAlSIECAAAECBAgQIECAAAECBAgQIECg/wIKcP2f41aM0JlvrZgGSRAoAUU42wEBAgQIECBAgAABAgQIECBAgAABAgTGLKAAN2ZgzTvzzTZAoIUCinAtnBQpESBAgAABAgQIECBAgAABAgQIECDQHwEFuP7MZStH4sy3Vk6LpAiUgCKc7YAAAQIECBAgQIAAAQIECBAgQIAAAQJjElCAGxOsZp35Zhsg0AEBRbgOTJIUCRAgQIAAAQIECBAgQIAAAQIECBDonoACXPfmrBMZO/OtE9MkSQIloAhnOyBAgAABAgQIECBAgAABAgQIECBAgMCIBRTgRgyqOWe+2QYIdFBAEa6DkyZlAgQIECBAgAABAgQIECBAgAABAgTaK6AA19656WRmznzr5LRJmkAJKMLZDggQIECAAAECBAgQIECAAAECBAgQIDAiAQW4EUFqxplvtgECPRBQhOvBJBoCAQIECBAgQIAAAQIECBAgQIAAAQLTF1CAm/4c9CIDZ771YhoNgkAJKMLZDggQIECAAAECBAgQIECAAAECBAgQILBMAQW4ZQJ6ujPfbAMEeiigCNfDSTUkAgQIECBAgAABAgQIECBAgAABAgQmJ6AANznrXvbkzLdeTqtBESgBRTjbAQECBAgQIECAAAECBAgQIECAAAECBJYooAC3RDhPc+abbYDAAAQU4QYwyYZIgAABAgQIECBAgAABAgQIECBAgMDoBRTgRm86iBad+TaIaTZIAiWgCGc7IECAAAECBAgQIECAAAECBAgQIECAwCIFFOAWCWZ1Z77ZBggMUEARboCTbsgECBAgQIAAAQIECBAgQIAAAQIECCxdQAFu6XaDfKYz3wY57QZNoAQU4WwHBAgQIECAAAECBAgQIECAAAECBAgQWKCAAtwCoazmzDfbAAECinC2AQIECBAgQIAAAQIECBAgQIAAAQIECCxEQAFuIUrWaZz5ZiMgQGBGwJlwNgUCBAgQIECAAAECBAgQIECAAAECBAhsR0ABbjtAHnbmm22AAIEtBBThtiBxBwECBAgQIECAAAECBAgQIECAAAECBDYJKMBtsvDTVgSc+bYVFHcRIFACinC2AwIECBAgQIAAAQIECBAgQIAAAQIECMwjoAA3D4y7nflmGyBAYLsCinDbJbICAQIECBAgQIAAAQIECBAgQIAAAQJDFFCAG+KsL2DMznxbAJJVCBAoAUU42wEBAgQIECBAgAABAgQIECBAgAABAgQ2E1CA2wzEf535ZhsgQGDRAopwiybzBAIECBAgQIAAAQIECBAgQIAAAQIE+iygANfn2V3C2Jz5tgQ0TyFAoAQU4WwHBAgQIECAAAECBAgQIECAAAECBAgQmBFQgLMp/FlA8e3PFH4gQGBpAopwS3PzLAIECBAgQIAAAQIECBAgQIAAAQIEeiagANezCV3qcBTflirneQQIbCagCLcZiP8SIECAAAECBAgQIECAAAECBAgQIDA8AQW44c35FiNWfNuCxB0ECCxPQBFueX6eTYAAAQIECBAgQIAAAQIECBAgQIBAxwUU4Do+gctNX/FtuYKeT4DAPAKKcPPAuJsAAQIECBAgQIAAAQIECBAgQIAAgf4LKMD1f47nHaHi27w0HiBAYDQCinCjcdQKAQIECBAgQIAAAQIECBAgQIAAAQIdE1CA69iEjSpdxbdRSWqHAIHtCCjCbQfIwwQIECBAgAABAgQIECBAgAABAgQI9E9AAa5/c7rdESm+bZfICgQIjFZAEW60nlojQIAAAQIECBAgQIAAAQIECBAgQKDlAgpwLZ+gUaen+DZqUe0RILBAAUW4BUJZjQABAgQIECBAgAABAgQIECBAgACB7gsowHV/Dhc8AsW3BVNZkQCB8Qgowo3HVasECBAgQIAAAQIECBAgQIAAAQIECLRMQAGuZRMyrnQU38Ylq10CBBYpoAi3SDCrEyBAgAABAgQIECBAgAABAgQIECDQPQEFuO7N2aIzVnxbNJknECAwXgFFuPH6ap0AAQIECBAgQIAAAQIECBAgQIAAgSkLKMBNeQLG3b3i27iFtU+AwBIFFOGWCOdpBAgQIECAAAECBAgQIECAAAECBAi0X0ABrv1ztOQMFd+WTOeJBAhMRkARbjLOeiFAgAABAgQIECBAgAABAgQIECBAYMICCnATBp9Ud4pvk5LWDwECyxRQhFsmoKcTIECAAAECBAgQIECAAAECBAgQINA+AQW49s3JsjNSfFs2oQYIEJisgCLcZL31RoAAAQIECBAgQIAAAQIECBAgQIDAmAUU4MYMPOnmFd8mLa4/AgRGJKAINyJIzRAgQIAAAQIECBAgQIAAAQIECBAgMH0BBbjpz8HIMlB8GxmlhggQmI6AItx03PVKgAABAgQIECBAgAABAgQIECBAgMCIBRTgRgw6reYU36Ylr18CBEYsoAg3YlDNESBAgAABAgQIECBAgAABAgQIECAweQEFuMmbj7xHxbeRk2qQAIHpCijCTddf7wQIECBAgAABAgQIECBAgAABAgQILFNAAW6ZgNN+uuLbtGdA/wQIjElAEW5MsJolQIAAAQIECBAgQIAAAQIECBAgQGD8Agpw4zceWw+Kb2Oj1TABAu0QUIRrxzzIggABAgQIECBAgAABAgQIECBAgACBRQoowC0SrC2rK761ZSbkQYDAmAUU4cYMrHkCBAgQIECAAAECBAgQIECAAAECBEYvoAA3etOxt6j4NnZiHRAg0C4BRbh2zYdsCBAgQIAAAQIECBAgQIAAAQIECBDYjoAC3HaA2vaw4lvbZkQ+BAhMSEARbkLQuiFAgAABAgQIECBAgAABAgQIECBAYPkCCnDLN5xYC4pvE6PWEQEC7RRQhGvnvMiKAAECBAgQIECAAAECBAgQIECAAIHNBBTgNgNp638V39o6M/IiQGDCAopwEwbXHQECBAgQIECAAAECBAgQIECAAAECixdQgFu82cSfofg2cXIdEiDQbgFFuHbPj+wIECBAgAABAgQIECBAgAABAgQIDF5AAa7lm4DiW8snSHoECExLQBFuWvL6JUCAAAECBAgQIECAAAECBAgQIEBguwIKcNslmt4Kim/Ts9czAQKdEFCE68Q0SZIAAQIECBAgQIAAAQIECBAgQIDA8AQU4Fo654pvLZ0YaREg0DYBRbi2zYh8CBAgQIAAAQIECBAgQIAAAQIECBBoFOBauBEovrVwUqREgECbBRTh2jw7ciNAgAABAgQIECBAgAABAgQIECAwQAEFuJZNuuJbyyZEOgQIdEVAEa4rMyVPAgQIECBAgAABAgQIECBAgAABAgMQUIBr0SQrvrVoMqRCgEAXBRThujhrciZAgAABAgQIECBAgAABAgQIECDQQwEFuJZMquJbSyZCGgQIdF1AEa7rMyh/AgQIECBAgAABAgQIECBAgAABAj0QUIBrwSQqvrVgEqRAgECfBBTh+jSbxkKAAAECBAgQIECAAAECBAgQIECggwIrO5hzr1JO8e2pGdCrezUogyFAgMB0Ba6T7j+a19fLTjcNvRMgQIAAAQIECBAgQIAAAQIECBAgMFQBBbgpznx2Dj8z3f/bFFPQNQECBPoqoAjX15k1LgIECBAgQIAAAQIECBAgQIAAAQIdEHAJyilN0kzx7UVT6l63BAgQGIqAy1EOZaaNkwABAgQIECBAgAABAgQIECBAgECLBBTgpjAZim9TQNclAQJDFlCEG/LsGzsBAgQIECBAgAABAgQIECBAgACBKQgowE0YXfFtwuC6I0CAwEYBRThbAgECBAgQIECAAAECBAgQIECAAAECExNQgJsYddMovk0QW1cECBDYUkARbksT9xAgQIAAAQIECBAgQIAAAQIECBAgMAaBlWNoU5NbEVB82wqKuwgQIDBZgeuku0/k9fhKk+1WbwQIECBAgAABAgQIECBAgAABAgQIDE3AGXATmHHFtwkg64IAAQILFzg1qx645uAzf7Lwp1iTAAECBAgQIECAAAECBAgQIECAAAECCxdQgFu41ZLWVHxbEpsnESBAYNwCinDjFtY+AQIECBAgQIAAAQIECBAgQIAAgQELKMCNcfIV38aIq2kCBAgsX0ARbvmGWiBAgAABAgQIECBAgAABAgQIECBAYCsCCnBbQRnFXYpvo1DUBgECBMYuoAg3dmIdECBAgAABAgQIECBAgAABAgQIEBiegALcGOZc8W0MqJokQIDA+AQU4cZnq2UCBAgQIECAAAECBAgQIECAAAECgxRQgBvxtCu+jRhUcwQIEJiMgCLcZJz1QoAAAQIECBAgQIAAAQIECBAgQGAQAgpwI5xmxbcRYmqKAAECkxdQhJu8uR4JECBAgAABAgQIECBAgAABAgQI9FJAAW5E06r4NiJIzRCYI/CnC5rmtF+uaH78q41xxq9XNOf+qUmsaP54ftOs39A0O+3QNJfccUOz45qmucKlNzRXvsyG5iq7bWiuuseG5uJ5zEJgkQKKcIsEszoBAgQIECBAgAABAgQIECBAgAABAlsKKMBtabLoexTfFk3mCQS2KnDe2qb51Ckrmy+etrL58ukrmpPPWNlcsG6rq273zpV5ddvvChuaG1xlfXPjq65vbrvf+hTqtvs0KxAoAUU42wEBAgQIECBAgAABAgQIECBAgAABAssSUIBbFl/TKL4tE9DTBy9QBbYTv72yOf5rqy68rTPbxrGsWdU0t7rG+uau16tYd+EZc+PoR5u9EVCE681UGggBAgQIECBAgAABAgQIECBAgACByQsowC3DXPFtGXieOniBs89d0bztsyuboz+zqvnF7yb7UrTLTk1z/wPWNQ+61bpmz11zHUsLga0LKMJt3cW9BAgQIECAwIAF9tlr70dk+M+ZAsGHTv3h6X87hX51SYAAAQIECBAgQGBJApPd672kFNv5JMW3ds6LrNov8Pvzmub1J65u/t8nVjX1HW/TXFatbJr73nRd88Q7r2t2v6RC3DTnosV9K8K1eHKkRoAAAQIECExeIAW4J6XXl02+5+Y9KcDdewr96pIAAQIECBAgQIDAkgSy+9myWAHFt8WKWZ9A06xb3zRv/fSq5s6H79C87sTpF99qTiqnt31uVXOn5PTqD7cjJ9tK6wT2SUYn5XX/Sq3LTEIECBAgQIAAAQIECBAgQIAAAQIECLRWQAFukVOj+LZIMKsTiMBpv1zRPPDVa5rnv3t18+tcerJtS33v3Cs/tLq598t2aL72Iy+LbZufFuSjCNeCSZACAQIECBAgQIAAAQIECBAgQIAAgS4J2NO8iNlK8e2JWf1Fi3iKVQkMXuBdX1zV/NXLu1HYmi0Uvvajq5oNrkg5+G13M4Aqwv1f3gcuu9n9/kuAAAECBAgQIECAAAECBAgQIECAAIEtBBTgtiDZ+h3Z6XpoHnnF1h91LwECmwvU5R2fd9zq5llvW92ct3bzR9v7/8r7ZSesbv7uqDWdyru9or3KbL+M5qN5P9i9V6MyGAIECBAgQIAAAQIECBAgQIAAAQIERi6gALcA0uxsPSSrvWoBq1qFAIEIVMHt0CPXNMd8ZlVnPT588srmkP/aoTm7hZfM7CxqPxK/TobxgbwvXKofwzEKAgQIECBAgAABAgQIECBAgAABAgTGIaAAtx3V7GS9f1Y5KtG+L67aTu4eJjANgSq+PeZNa5qPf6f7Ly8n/2RF89DXrlGEm8aG1O4+D0h6J+T94eLtTlN2BAgQIECAAAECBAgQIECAAAECBAhMS6D7e8jHKJedqwel+bcmOI3RWdP9EVi7rmkelzPfPndqf35lvvezjUW435/Xn3kykpEI3DytvDPvEzuMpDWNECBAgAABAgQIECBAgAABAgQIECDQK4H+7CUf8bRkp+pN0+RxiTUjblpzBHopsGFD0xz2tjXNp7/Xv5eVKsJVYbEKjBYCcwTump/fnPcLZ0jPQfEjAQIECBAgQIAAAQIECBAgQIAAAQJNsxrClgLZmXrN3Pu/iZ23fNQ9BAhsTeCNH1vVvP8r/Su+zY71Cz9Y2bzwvaubf/6rC2bvckugBB6YOCvx9/UfCwECBAgQIECAAAECBAgQmJTAPnvtvUv6un3iNolrJ66WuGRix8TvEvX36vcSX0uclPjCqT883eHFgbAQIEBgEgIKcJspp/h2pdz1f4ndN3vIfwkQmEfgS6evbF52Qv9fTo75zKrmJldd3/zFDdbPI+HugQo8Me8dZ605+MznD3T8hk2AAAECBEYikJ2I9YHy8onLJnZLXGaz2zraqw6SrPVWJWoH4+xSOxN/P/OfXJuh+e1M1M7H2aidkGcmfp6dj7/KrYUAAQIECHRSIO+Zt0vij0/cKzHfVyNcOo/tlbhx4gGJWn6R5x6T2//Me+H3L7zHPwQIECAwNgGXzZpDmx2ou+a/n0rsP+duPxIgsA2BP5zfNPd46Q7NGb8exsvJJXMM2fufcn5zuUvVfh0LgYsIPDpFuDdc5B7/IUCAAAECBC4ikJ1+F88d9fdWHaV/1cTec6IOhqzC2iSWfIptfp44PXFq4gczt7Uz8lvZKXlObi1bEcgcPil3v2wrD437rvdkXu497k60T4AAgTYL5DW4vjLniMStl5lnHVl8bOIZeW398TLb8nQCBAgQmEdgGHvM5xn83LtTfKujRT6UqCNILAQILFDgxe9b3Rz5iUntJ1lgUmNe7U7XWd/8x0PWjrkXzXdQoP6A+csU4Y7vYO5SJkCAAAECIxfITsI90ugtEjdMXHcm9sltF65bXgW5byTqkl1fTXw2Oyjr7LnBLwpwg98EABAgMAWBvPbWfssXJ+rrD0b5PvqHtPfMRJ0R50jjQFgIECAwSgEFuGim+FYOb0nUd/lYCBBYoMCpv1jR3POIHZp1VXYY2PL6R65tbnPNAQ58YPO8hOGem+fcJkW4ryzhuZ5CgAABAgQ6K5Adg/U31X6JOiL/lolbJa6e6NPywwzmMzNxYnZUVoFucIsC3OCm3IAJEJiyQF5390wK70nU2W/jWt6dhg/Je1sV5CwECBAgMCKB/n9p08Kg/jWrbbP49vlTVzYPee2ahbVmLQItEfjIYec3V7z0+A5gOuL41YMsvtX01thvfY3zmxUOY2jJ1t6aNC6RTD6QAztuniLcj1qTlUQIECBAgMAYBLJDsL5b5s6JuyXumrhcos/LXhlcxYXfo5Px/yw/1/eHfzhxQnZa/iK3FgIECBAgMDKBvNfsm8ZOSNQZ5ONc6hK/H01/d8/72dnj7EjbBAgQGJLA4Atw2Un6qEz4YUOadGMlMAqBk3+yovnIyaO86sEosppcG9/+6YrmQ99c2dzlus6Cm5x6Z3qqoxOPz/vLLVOE+21nspYoAQIECBBYgEB2zNVZbX+dqKJbXV5yuB8Im+byGf+DZ2J9bD6dn99VkZ2XdbachQABAgQILFkg7yt1KecPJq625EYW98SbZfUPpN87OhNucXDWJkCAwHwCQ/5jqS49WUdrvmY+HPcTIDC/wBs/Nvj6ffPGkxjMv4UM/pH9I/CuvM84dXrwmwIAAgQIdF8gO+Kuknh64ksZzSmJFyTqEpOD/nsy45+7lEVdfvOIxOmx+kLi7xK7z13JzwQIECBAYCECef+ovyXrspOTKr7NpnXz/HDU7H/cEiBAgMDyBAb7B1N2itb3E7wtsWp5hJ5NYHgCZ/1+RfPBbwz25ePPE/71H69o6kxAC4F5BO6Q+18xz2PuJkCAAAECrRbIjr9LJv42Ud95VmdzHZ64UauTbldyN0k6r0ycGcN3J+6d8Ldnu+ZINgQIEGizwPOTXBXDprHcN+9Zj59Gx/okQIBA3wQGuQc9xbf6roL3JS7Vtwk1HgKTEDjuSysH+91vm/u+/fP2o2xu4v8XETg07zmPu8g9/kOAAAECBFoskB1uN0q8Lin+NPHaxLR2/rVYaVGp1SUT7pU4LnFqbJ+ZcFbcogitTIAAgWEJ5H3iehnxU6c86hcnjytOOQfdEyBAoPMCgyvAZUdo/QH09sS+nZ89AyAwJYHjv6boNEt/wtdXNhesm/2fWwJbFXhl3nsO2uoj7iRAgAABAi0QyA62HRIPTXw+6dRlJh+d2LkFqfUthb0yoBclfhLrNyT8Tdq3GTYeAgQIjEagLmc87R0v9TnghaMZjlYIECAwXIHBFeAy1XUZkDsOd8qNnMDyBM749YrmW2e47OKs4m/+sKL54mlDfCmdFXC7AIH6w+ntKcJdcwHrWoUAAQIECExMIAWgnRNPSYc/SByZuGnCMn6Bi6WLRya+G///SdSZDhYCBAgQINDkPaHOPG/LfstDks8+poUAAQIEli4wqL3G2fl5aKgqLAQILFHg498Z1MvGgpQ+/l0mC4Ia9kq7ZvjvyfuQSx8PezswegIECLRCIDvTdk+8IMn8OPHvCZeYms7M1IfIgxNfy3y8PXH16aShVwIECBBokcATWpTLquTy2BblIxUCBAh0TmAwe42z0/MWmZ1XdG6GJEygZQKf/8FgXjYWLP8FJgu2GviKdQbcf+f9yCmkA98QDJ8AAQLTEkiBZ9eZwtvpyeEfE3WAiKUdAvdLGt/O/PxXYs92pCQLAgQIEJikQF7/67KP955knwvoq86Cq0KchQABAgSWIDCIPenZ2Xn52LwzsWYJRp5CgMAcga/+UO1gDseFP9YlOc9bu/m9/k9gqwL3yL3P3uoj7iRAgAABAmMSyI6znRJ1qcnvJ6rwdokxdaXZ5QnMnmlwSubraQl/vy7P07MJECDQNYEDk3Db3qProJAbdg1SvgQIEGiLQO8LcCm+1R8tb084irAtW508Oivw2z80zZm/UYDbfALXrW+aU3/OZXMX/59X4Hl5b7rbvI96gAABAgQIjEggBZwViYenue8m6lKTu42oac2MV6DOgHhJoi5NeYfxdqV1AgQIEGiRwO1alMvcVLwXzdXwMwECBBYh0PsCXCyOSNx6ESZWJUBgHoFTfjaEl4x5Br+du7/3czbbIfLwJoGq1h6dItw+m+7yEwECBAgQGK1ACjd1tPqnE29KXHm0rWttQgLXSj8fyVy+JaF4OiF03RAgQGCKAjeaYt/b6vp623rQYwQIECAwv0Cv9xhn5+aDM/Q2fXnp/DPhEQIdEDjj187ymm+afnI2m/ls3L9VgfrOnePyPrXTVh91JwECBAgQWKJACjX1PW+vytO/mLj5EpvxtHYJHJJ0Ts68tu17gdqlJBsCBAh0X+DqLR3Cfi3NS1oECBBovUBvC3DZqXnt6L+m9TMgQQIdEvjZbzqU7IRT/dlvJ9yh7vogcN0M4j/6MBBjIECAAIF2CKRA88BkUpebfFyit3/rtUN74llcLj0elzk+KlGXqLQQIECAQP8ELtvSIe3e0rykRYAAgdYL9PKPshTf6gtL35a4eOtnQIIEOiRw9rnO8ppvun51Dpv5bNy/TYFH5j3rQdtcw4MECBAgQGA7AinIXDZxXFZ7a2KP7azu4W4L1FVevpz5vkG3hyF7AgQIEJgrkNf1Vfn/jnPva9HPu7QoF6kQIECgUwK9LMBlBuqSK/t3aiYkS6ADAr/7YweSnFKK55w3pY512weB186ctd2HsRgDAQIECExYIDvs7pcuv5VwecIJ20+xu7pE2ecy975uYYqToGsCBAiMUuDUH56+bpTtjbitNuc24qFqjgABAqMVWD3a5qbfWnZiPixZPHT6mciAQP8E1q5zltd8s3reWjbz2bh/uwJ1tvbb8v51wJqDzzx3u2tbgcDABLKDub77qK2X4xnnbPwuO2LeNM4OtN1tgfxuXDoj+M9EXXbSMjyBHTLk/8h2cNPcPiavFw4HG942YMQECPRPoP4erKt6tW05p20JyYcAAQJdEehVAW7mDIJXdQVfngS6JnDe2q5lPLl8114wub701EuBOmu73r8e1svRGRSB5Qk8LU+//vKa6OSzf5isFeA6OXXjTzpFl1ukl6MTe4+/Nz20XOAhyW+/bBP3SRHujJbnKj0CBAgQ2LZAvY5fY9urTOXRH0+lV50SIECgBwK9uQRlim91neRjEr73rQcbpiG0U2Dni21oZ2ItyGrHHdi0YBq6nsJD8172gK4PQv4ECBAgMD6BFFlWJJ6SHj6e2Ht8PWm5YwIHJN83dyxn6RIgQIDAlgLf2fKuVtzz3VZkIQkCBAh0UKA3BbjYH564bgfnQMoEOiOwur4S2LJVgYv16nzirQ7RnZMReE2KcHtNpiu9ECBAgECXBFJ4u2TyfUfi3xM+eXRp8iaTa12S0kKAAAEC3Rb4XEvT/2xL85IWAQIEWi/QiwJcdlbeLdJPbL22BAl0XGBX55fOO4OXYjOvjQcWJXCprP2WvK8pdy+KzcoECBDot0CKb1fPCD+fuE+/R2p0BAgQIEBg0AIfaenoP9zSvKRFgACB1gt0vgCXnZR7RPnI1ktLkEAPBC59CZdZnG8ad9uZzXw27l+0wK3zjMMW/SxPIECAAIFeCqT4dlAGVkfE79fLARoUAQIECBAgMCtQB9vU9wC3aflCvmO0bTm1yUcuBAgQ2KZApwtwKb6tyOjqWvdVhLMQIDBmgSteWpFpPmI288m4f4kCz8173M2X+FxPI0CAAIGeCKT49ugM5YTEpXsyJMMgQIAAAQIE5hFIoat2uhw1z8PTuvvIaXWsXwIECPRBoNMFuEzAoYm792EijIFAFwT2vqwC3HzztNfubOazcf+SBOoSlHUpyp2X9GxPIkCAAIFOC6TwtiLxwgzidQmXJe70bEqeAAECBAgsSuA/s/Z5i3rG+FY+K02/eXzNa5kAAQL9F+hsAS47Ja+a6XlJ/6fICAm0R2CfPTY0qzr7qjFex2vuqQA3XuFBtr5PRn34IEdu0AQIEBiwQApvVXB7U8LliAe8HRg6AQIECAxTIGfB/SIjf1VLRv/C5PPHluQiDQIECHRSYHUXs07xrUoARyUu0cX85UygqwI75BWjCk3fOqOu/mqZFdhlp6a58mUU4GY93I5U4HF5zztuzcFn+tLrkbJqjAABAu0USPHt4snsmMQ925nhVLP6XXr/ZeKcxG8T9eHrT4nZHYNr8vPs34f1865zolwtBAgQIECgKwL/kkQPSVx+igmfnL7/Y4r965oAAQK9EOhkAS7yT0zcuhczYBAEOiZww73WpwDnSkhzp+1Ge69vVqhJziXx82gF3pQi3HVShKsdjxYCBAgQ6KnATPHt/Rne7Xs6xO0N6ydZ4RuJH8zEabmt+FniVzkCf21ul7TEtv7u3T1xpcQVEldMXDlxjTlxsfxsIUCAAAECUxfIe97v8t71iCTyv1NK5vz0++DkccGU+tctAQIEeiPQuQJcdkLuF/0X92YGDIRAxwRudY31zVs/rQA3d9pudfX1c//rZwKjFqgdhC9P1B9gFgIECBDooUB2sl0qw3pv4rY9HN7WhvTT3PmJxGcTX0t8NTv5fp3bsSwzOxCrkFexxRL/lblzr8R1EzdJHJC4caKKdhYCBAgQIDBxgbx3HZ/3p9r/+cyJd54TH9L/V6bQry4JECDQO4FOFeBSfKu9/kcmHJ3Yu03RgLoicIt91zcXyyvHnxwH9ecpO3B/Bbg/Y/hhXAIPz3vgO3MW3AfG1YF2CRAgQGA6Atm5VpdHfE+iz8W3szO+Oor/I4lPZqfe93PbmiX51Ie52TPuqhB64ZK52Sc/1BmJFXdMXC5hIUCAAAECkxJ4Vjq6auLgSXWYfl6Q98XXTrA/XREgQKDXAp0qwGUm/j5xs17PiMERaLnATjtkD0QKTid8vQ4Utux/xQ2+/81mMCmB16QId22XopwUt34IECAwfoGZ4ltddvJ24+9t4j1Uke3diRpfFd3WTTyDZXaYnE9NExVvqKYyX9fOTX0/370TdZachQABAgQIjE0g70Mb8t7z4HRQ76EPHFtHmxp+fvp8zqb/+okAAQIElivQmQJcdjrWER8vWO6APZ8AgeUL3OtG6xTgZhjvc5P6HGwhMBGBK6WXugTJ4ybSm04IECBAYKwC2aGWw5qadyTq7Kq+LL/KQI5NHJUdeJ/ry6Bmx5ExnZyfK16U+avvkatC3CGJWyQsBAgQIEBg5AJ571k7U4SrM7X/ceQdbGzwvNw8IX29cUzta5YAAQKDFejEKSwpvq3IDL0usdNgZ8rACbRI4Lb7rW/23HVDizKaTio7rskh0ClGWghMUOCxeU+89QT70xUBAgQIjEEgO9Lq0vpHJe42huan0eRJ6fQ+iT2z8+7xid4V3zZHzRjPSLwqccs8ds3EixI/3nw9/ydAgAABAssVyHvN+sSz087dE6N+r/li2rxZ2ld8W+5EeT4BAgS2ItCJAlzyfmjioK3k7y4CBKYgsCqvHA+5tcLTfW+6rtnFYQFT2AIH3WUdkPKGFOF8F+qgNwODJ0CgBwJHZAyT/D6XcZD9IY3Wd8RcJzvtbp84LrF2HB21vc2M+5REfU/P3ok6K+6khIUAAQIECIxUIO81x6fBuhxyXRnl3GU2XoW8xySq+Pb1Zbbl6QQIECAwj0DrC3DZybhHcn/pPPm7mwCBKQkcfPN1zWUuMdyz4FbnuPVHHagIOaXNb+jd1lH2dfSjhQABAgQ6KJCz356WtJ/YwdRnU64dfocn9soOu8cm6pKMlgjEos5QeE+iLit6vcSbEoMsSmbcFgIECBAYg0DeY36fOCxN75V4auIbi+im3pM+mPibxL5p53WJ9Yt4vlUJECBAYJECXfgOuJdnTJdZ5LisToDAmAUunm8teewd1zUvfG8XXkZGj3HILde5DOfoWbW4cIFn5gCVY9YcfOa3Fv4UaxIgQIDAtAVSfLtvcnjJtPNYYv91xtt/JP49O+vOWmIbg3lajGqH6CMz58/LbZ0d94hELmBuIUCAAAECyxfI+0x972qdsPDSvNdcObcHJq6buFriUol6zzknUet9J/HVxCfyvLrPQoAAAQITEmj1nvPsXLxDHOqoDAsBAi0UeOAt1jXHfnZVc+ov6qp4w1nqzL/HH3TBcAZspG0UqPfvV+d98vYpwg33VNQ2zoycCBAgMI9Ado7dKA/99zwPt/nuep85KvGP2Wl3RpsTbWNuMftR8nps5v+Fua1C3CMTrf47PPlZCBAgQKBDAnmvqctJdvEzRoeUpUqAAIGlCaxc2tPG/6zsVMz5Nc2rxt+THggQWKpAXYbxefe9oFkxrPpbc9g9L/Ddb0vdaDxvlAK3S2OHjLJBbREgQIDAeARSfLl8Wn5fomvfHvvJ5HxAduw9TPFtedtGFeISj00r9d09711ea55NgAABAgQIECBAgEAXBFpbgAveUxL7dQFRjgSGLHCTq65vHnab4XwX2kHXXt/c44YukT7kbb5lY39pDlipy4tYCBAgQKClAim+1YGF70hcoaUpbi2t3+bORydum6LRF7e2gvuWJhDPUxL3yrPvkPjK0lrxLAIECBAgQIAAAQIEuiDQygJcdibWF4n+UxcA5UiAQNP8w90uaK575f5fBW/PXTc0/3r/+s5iC4HWCOyRTP61NdlIhAABAgS2JlDfz3KrrT3Q0vuOS17XSpHoDYn+f8Cb0iTE9sR0fdPEkxO+j2dK86BbAgQIECBAgAABAuMUaGUBLgN+RaJrl2cZ5zxpm0CrBdbkUpSvfPDaZred+7uPZsd8ffGrHrq2udTFWz0VkhumwKE5cOWGwxy6URMgQKDdAjn77QHJ8AntzvLP2f0+Px2SwtB9Emf++V4/jE0gzusSL08H+yfqEqUWAgQIECBAgAABAgR6JNC6Alx2It4lvnVJDgsBAh0SqLPDXvPwtc1OdZGlni0r8x13LztkbbP/FftbYOzZlA1tOPVe/qq8fw7s2xiHNs3GS4BA1wRSfLt6cn59R/L+XPK8QYpBR3ck316lGfcfJ+6ZQf114uxeDc5gCBAgQIAAAQIECAxYoFUFuOw8XJ25OGLA82HoBDotUJeh/K+HrW3qbLG+LFV8O/wBa5vb7+973/oypz0dxy0yrjrLwkKAAAECLRBI8a0+DVUxa+cWpLO9FF6SFW6TAtAPtreix8crkDl4e3q4buKE8fakdQIECBAgQIAAAQIEJiHQqgJcBvy4RF1+w0KAQEcFbr7v+gvPhLt4D86EW5VXyCq+3eOGim8d3RyHlvbhOZDF5ZuHNuvGS4BAWwWek8Ru0tbkZvL6Y24fkKLPMxK+5LYlk5W5+GlSuXuiLl1ac2QhQIAAAQIECBAgQKCjAq0pwGWn4WVi+NyOOkqbAIE5AlWEe8uh5ze7X7K7l2y8xMWa5rWPUHybM61+bL/AlZPiM9qfpgwJECDQb4Gc/XbLjPBZLR/lj5LfLVPsObbleQ4yvczLhsSrMvgDEqcMEsGgCRAgQIAAAQIECPRAoDUFuFg+L3HpHpgaAgECEajvSzvu79c2N9ire2ePXW2PDc3b/+785tbX6F7uNr7BCzw9B7RcafAKAAgQIDAlgRTf6pKTRyXa9HfW5hpfyB03TYHnq5s/4P/tEsgcfTMZ1ZmU72hXZrIhQIAAAQIECBAgQGAhAq34wzA7C+uyk4cuJGHrECDQHYHL7rKheeuha5vH3GFdU5dz7MJyvwPWNe984vlNFeEsBDooUJegfHEH85YyAQIE+iJQ32e9T4sH86HkdvsUdn7R4hylNkcgc/X7xP1z15MTF8x5yI8ECBAgQIAAAQIECLRcoC27xGtn4aqWW0mPAIElCFTh7cl3vaA59gnnN9e6QnuLWle+zIbmjY9a27zgfhc0O/Xg++uWMFWe0h+BQ3Jgy437MxwjIUCAQDcEcvbb7ZLpo1uc7THJ7R4p5pzb4hylNo9A5u3leehOiV/Ps4q7CRAgQIAAAQIECBBomcDUC3DZSXibmNyjZS7SIUBgxALXuWY9AuUAAEAASURBVNKG5p1/f35z+AMuaPbctT2FuF0vvqE57B4XNP/7tPObW7nk5IhnXXNTFDh8in3rmgABAoMTSPEt3x7bvKbFA6/cDkkR5/wW5yi17Qhk/k7KKjdLfHc7q3qYAAECBAgQIECAAIEWCEy1AJfi24oYvKQFDlIgQGACAivzG3+vG61rjk+x69n3uqC5ym7TK8Ttkctj/v1dLmg+9Izzm4feZl2zxjm4E9gCdDFBgTvmPfbOE+xPVwQIEBi6wDMDsF9LEY5OXo9P8WZ6H7xaCtPFtDKP30vet0h8pIv5y5kAAQIECBAgQIDAkASmWoAL9H0SNx8SuLESINA0O65pmgfdal1zwtPPb/7rYWub2+23fiIFsCoA3vRq65t//5u1zUcOO7859I7rml3qG7MsBPop8JIU4ab9Pt9PWaMiQIDAHIGc/XbN/PdZc+5q049VfHtIijbr25SUXJYnkPmsy1DeNfH/lteSZxMgQIAAAQIECBAgME6B1eNsfFttZ6dg9f3Cba3jMQIE+i1QBbHb77/+wvj9eU3z0W+taj70jZXNl05b0fzmD3lwBMslckGoG+61vjnoOuubOyV229nB3yNg1UQ3BK6fNA9J/Hc30pUlAQIEOitQl3fcoYXZH5ecqvi2roW5SWmZApnXC1L8fXia+VXiH5bZnKcTIECAAAECBAgQIDAGgakV4DKWRyauMYYxaZIAgQ4KXHLHjZenrEtUbkiN7PSzVjRfPn1lc8rPVjQ//lXi7BXNGYk/zPPNJXVW3eXz3XJ75bKWV7rMhmbfy21obrT3+gtvVzkHqINbhJRHJPD8HPBy7JqDz5znN2dEvWiGAAECAxVIAaSu6HFgC4f/6eT0IMW3Fs7MCFPK/NaRZU/JdvjT3P7lCJvWFAECBAgQIECAAAECIxCYSgEuOwPrCNF/HEH+miBAoIcCK3Ly21UvuyGx9QO2z/1T05y3dkWzPhdT2nGHDU0V7ywECGxVYK/c+4hEnZ1hIUCAAIERCqToUX/THD7CJkfV1Clp6J4pzvxhVA1qp90CmeuXZnv0nXDtnibZESBAgAABAgQIDFBgWueFPC7WVx6gtyETIDACgbqsZF1K8rK7KL6NgFMT/Rd4dg588W2H/Z9nIyRAYPICj0+X+06+2232eHYevWsKMnVZQsuABDLnXx3QcA2VAAECBAgQIECAQCcEJl6Am9kJ+IxO6EiSAAECBAh0X+CKGcJjuj8MIyBAgEB7BHK20aWTzT+1J6MLM8m1AZq/TiHmtJblJR0CBAgQIECAAAECBAgMUmDiBbgo107Ayw9S26AJECBAgMB0BJ7hLLjpwOuVAIHeCjwnI6siXJuWp6f45jKEbZoRuRAgQIAAAQIECBAgMGiBiRbgsvNv52j77rdBb3IGT4AAAQJTEKgDX54whX51SYAAgd4J5Oy3q2RQdfnJNi3Hpvj20jYlJBcCBAgQIECAAAECBAgMXWD1hAFq59/uE+5TdyMQ2G/PDc1B16mr2li6JHDJHTd0KV25EiAwXoE6C+7Vaw4+89zxdqN1AgQI9F7gsIxwTYtG+YPk8ugW5SMVAgQIECBAgAABAgQIEIjAxApwM5e+ehL1bgrsd4X1zRPudEE3k5c1AQIECJTAbonaQfvy+o+FAAECBBYvkLPf9syzHrb4Z47tGevS8iE5++33Y+tBwwQIECBAgAABAgQIECCwJIFJXoLykcnwckvK0pMIECBAgACBUQg8LQfE7DCKhrRBgACBgQo8I+PesUVjf26Kb59tUT5SIUCAAAECBAgQIECAAIEZgYkU4GZ29j2dOgECBAgQIDBVgSuk90dMNQOdEyBAoKMCM2e/PaZF6Vfh7UUtykcqBAgQIECAAAECBAgQIDBHYCIFuPR3SOLKc/r1IwECBAgQIDAdgafmwJiJXYJ6OkPUKwECBMYi8LS02paz385PLo/M2W91CUoLAQIECBAgQIAAAQIECLRQYOwFuOzkqz6e1cKxS4kAAQIECAxRYJ8M+uAhDtyYCRAgsFSBnP22S577qKU+fwzPe2GKb98aQ7uaJECAAAECBAgQIECAAIERCUziCPj7Jdd9R5SvZggQIECAwEQFzr+gaX597orml79vmrPPWdGcn3MN/pjzDi5Yt+LCPFbmMJNLXGxDs9Oaptn14huay+zcNHvssqFZNfZDXJbFcFgOkDl6zcFnblhWK1N8cnaG757uL52IeHOpxCUTq2b+v7XPN3/KY39M1Jh/mzhvJn6T299kR3bdWggQIDCfwCPyQL3OtGE5OUm49GQbZkIOBAgQIECAAAECBAgQ2IbA1nZQbWP1JT301CU9y5MIECBAgMAEBdatb5pTfrai+caPVzbf/umK5rRfrmh+eNaK5szfbCy0LSaVKr5d7lIbmr1229Dsd4WNccO91jdXyf9bslw7edw1cXxL8rlIGimuXTx3XHMm9s5txVUSV0rskajiWxXbRrakz5qcs2fiF7k9I3Fm4qeJHyd+kDg1hbqzcmshQGBAAnl9qEMqntiiIT8ur0V1CUoLAQIECBAgQIAAAQIECLRYYKwFuBxdf+uM/aYtHr/UCBAgQGDAAt9Lwe2Tp6xsPvHdlc2XT1/ZnLd2NBhVzPvpr1dcGJ/5/qY2qyh322uubw66zvrm1tdYP+2z5P4hmU29AJcd2/UdsfVZ4YaJGyWuk6hi26SXqrTuNhNXn6/z5JtzIZtTE3UGyjcTdQm4b2Rn+Gm5tRAg0E+Be2VYV23J0N6e15uPtyQXaRAgQIAAAQIECBAgQIDANgTGWoBLv0/ZRt8eIkCAAAECExf4wS9WNO/7yqrmhK+vvPAst0km8PPfrmje/vlVF8Zlc5nKB99qXfOQW69rdszlK6ewHJQDZa6Xy1B+fZJ9p4BVBbYDE3WQzm0SV0h0aalL0N1gJv6cd8b16/znC4kvJj6f+HR2kv8ytxYCBLov8KSWDKEunfv0luQiDQIEFiCQzwe1z+VyiTqLf8/EromdEhdLXCJRnwIvSJyTqKVu6zNFXRq7butM/J/nM0VrLqOQfCwdEsg2uEPSratH1IFmdSWJuq2rTVwqUQeg1bZY22QutN/UgWa1nJuoS7f/ak7Udji7neZuCwEC4xTI7279fl42Ub+zl5kT9d5Rv9e11HvK7FK/v/V7/IeZqP/P/R0+K7/DOVTY0heBbCM7Ziz1+l6fM2Zf5+v1fPay+fUd1nUlj9omZq+eUV/HUa/xc7eNen2ffTwPWUYtMLYCXHbq1dHj9xp1wtojQKA9AnX2UH031hCXq+2xodn9kuP/O/jzp9Z75TCXG191dGeIrc3H0A99Y2VzzGdWNV88rR2mv/zdiuaI41c3N7jKhuaAfab2Ofip2boeMs4tLB8Kd077d0/UJS/vkuhawS0pL2ip76O780xc+ISMvc6SOynx8cSH86G2LnHZuWXmg/3Np5h4bUNDXHaM/YEtGvhnsw1XAWhQS+agDhq4bUsGfUTm4PSW5CINAgTmCOS1ovatXH8m6nVj/5mowtty/2Bam/bPTDt1tv13ZuLbuf1yXhMc7BOIoS/ZPuoPnKslahus7a9+vupMXDG3y90G00TTpJ8qDNd2+IOZ29oOv5Y4eYifETJuC4FlC+T3aq80Ur+3FbUvvf4/G7OFtty17KXeS85IKz9JnJ74XuK7M/Gt/A4rwASjjUvm7crJq64YVK/x+8xEvc6Pat/KhvTx07T3o8Tpido2vpGog7XraziqsGtZhsDYCnDJ6UmJkbzJL2N8nkqAwBgFXv7B1c1HTl45xh7a2/SL/vqC5q9uMv73oIe8tg6KHeby+ef9qdmljt1ZxlKXlDz2s6ua15+0qjnr996StkL5gBww88ycBVcftka25MNbHWn1V4n7Je6UuFhiiMu1M+iKxyfWx6XOjDs+8f58iP1ybruyXD6JntiVZHuUZx3J2Cb32pF3eo98FzqUhy90xTGvV0epvmjMfWieAIEFCuQ9vb6Lts7mv33iVolbJC6RGMdSfxBcZSZuN7eD5HF6/v/FxMcTJ+bzxTdza+m5QOa9zoqp7a4OEKmDpK6b2Dkx7qXOtqmdwBVzl3XJqYrDtS1+MvGxbIu1A9dCgMAcgfye1Of7WybqPaNur5eYPVspP451qfeSvWei3r/mLhckt2/ljq8kPpf4VKIK6+Pf6ZWOLJsEMg9VdD0gcYdEzVO93tbZbeNcVqTxK85EbZtzlz8mpyrEfSJRr++fynZx1twV/Lx9gbEU4LIzr06Nfdj2u7cGAQIECBAYvUB9B9v/pPD26g+van51Tn2WsMwjUB/Cn5B41jyPL/jufCiravydEw9JVPGtLodg2SRQPrWDpOJ58Tott8cl3p74XD7EbsithQCBFgnk97ReIx/ckpT+Pa8T57QkF2kQGKRAXhNqJ+lfJO6RuFvi0olpL3sngYo66KnOUPp5bj6YqM8YH8zrxh9za+m4QOa1dshW8fUvE3dKXCvRpqUK0teeiYdWYjPb4kfy4wcSx2db/HXdbyEwJIGZ940qpNTVYOp3d5+Wjr/qA1UMrLjwdzi3v0v+H8vt/yXq/eSU3FrGIBDnvdPsvRP1Gl+F2Z0SbVkql5vNxFMrqeRbBbn3J+r1vfZlKNQGYlvLWApw6fDhibqmtIUAAQIECExU4JOnrGxe+N7VTX3Xm2VBAo/OgTPPy1lwf1rQ2putlA9fu+euRyYem9g7YVmYwFWz2j/MxOlx/O/8fFQ+vH5/YU+3FgECExConex1lsG0l58lgVdMOwn9ExiiQN6f6wCagxKzBxi1fT9HnV1RuVbUUeu1g+zIRO08tYMsEF1ZMne10/Neifsm7pKY1Fky6WokS22LD5yJOkPuk/n53Yn/ybZY72uWBQjE7ZlZrYo3k16OzDwdOelO+9Bf5uwKGUf93lbUmarj2veepse67JLW67NwRRVd6qzWdyXqAI/PZ/twAGkglrrEs4qx9Rp5n8QNltrOlJ43W6x9Vvr/Vcbyzty+JfFJ28XWZ2TkLwLZiVcfUB+39e7cS4AAAQIExiNQ30dYhbf3faXehiyLEKgC2sGJoxbxnPoAvm/Wf2riYYmLJSxLF9g7T/2nirh+KrevS7wtH17Py62FAIHpCTxiel1fpOfD83rwx4vc4z8ECIxVIO/Hu6WDOrio4kpj7Wx8jVcB5/4z8bOM6Y35+b/yenLG+LrU8nIEMkf1h8wdEg9K1E7ZrhXdkvJWl1W5t87gq3hpxlln1NTBZ+/O9nhubi3zC+yXh8pt0stJk+6wy/1lm75M8v+bxAMSVXTr49HAV8+4njETP8iYa/9BHUB6Wm4tCxCIWV2qut6XH5647QKe0oVV6vPS387EDzPGKsS9JtvFT7qQ/KRyHHkBLonXkRlXm9QA9EOAAAECBE769srmsLetbqoIZ1mSwOPzrPoAvd0lH6iulZWek6gPjvXHtGW0AvUHW8URsa4dZfXh1R81ozXWGoHtCuT3b8+sVH/XTHv5ZRJ47bST0D+BoQjMfM55csb74MSOPRr35TOWf0w8PWN8R27/LZ8vvtKj8XV6KJmTupzpwxJ1afi+709bmTHWGX0Vv8nYj8ztf2Z7PDW3FgKdEci2Wzsfqjj6qMT9EkM6KLVep55bEYcP5vaViRPye7w+t5bNBGK0V+76u0QVqvpyYMVmo7zwvzXO+qzxzIy5zpas1/aPX/jIwP+pN75RL7UTz0KAAAECBMYusHZd0xz+/tXNY9+8RvFtedoH5Az2m2yriXyAukriTVnnG4k6sk/xbVtgy3+sjiR7euJ7cT8mcaPlN6kFAgQWIVCXhGnD69x/5A9XZ78tYuKsSmApAnmf3Tfx33nuyYlHJ/pUfJtLsib/qbM0vpzxviOx/9wH/TxZgZntrg6yqDMFjkjUTu0hLbtmsE9K1Ofd9ycOHNLgjbWbAtlOd0o8Ntl/J3Fi4pDEkIpvGe5FliqmfyDxnXJJ1HdWWiIQixsmjs2PdYDBUxJ9Lr5leH9e6m+oOmD7Yxn/ZxNtOKjxz8lN44eRFuCy826fDOJu0xiIPgkQIEBgWAJn52y3h752TfPmj7dh/2gv7OuI2y2WfFiqPzD+JQ98N1GXSgC+hdJY7yjvKnh+KfPwf4kDx9qbxgkQmBWoI5mnvVTh7b+mnYT+CfRZIO+rV0y8OWOsHal12b8hXU7hvhnvNzP+1ycul58tExKI936JI9NdbXd1RkTbv1swKY51qd+7v0icGJeTEncYa28aJ7AEgWyXuyf+OU/9UaI+n11jCc30+SlXn3H5fpyqEDeOq+51wi9j3z9R35X35cRfJ4a8D+VmGf/x8ahC3GBf21cGYZTLoWlsSB9YR2mnLQIECBBYoMD3f76iuf8r1zRfPn3Ub2MLTKCfqz0gB9LUtev/vOQD0l/lP7Vj4J8SfT0S/M/j7cAPByXH2jHxkcTNO5CvFAl0UiC/X1dI4vXH4rSXN+fst7OmnYT+CfRRIL/nF0s8M2OrzzkPSwx151jtv3lU4pR4PCkxVIcQjH+J716Jt6SnbyUemuC9Jfvtcld91v104pZbPuweApMVyHa4a+L56fX0xHMTuycs8wtcOQ9VgbIO8PjL+Vfr3yMZ75UTR9fYE/fu3wiXNaL626pe29+duNqyWurgk0e25zI77eoU0/oAYSFAgAABAmMT+NqPVjYPfPUOzRm/drzHiJHrshkPqTbzgeiyibfnx7pu91XqPkurBO6QbD6TOfpA4jqtykwyBPohUGeFtOFN5uX94DQKAu0SyHvnnZNRXWryRYmd25Xd1LLZJT2/LPGp+NT3/VpGKBDTSyZemCar4FuXq2vDe8wIRziWpm6RVmt7PDZx1bH0oFEC2xDIdneJxGFZ5fTEsxOXSFgWLnDNrPq+GJ7Q99/hjG/HRH33WV016G8SXuODMM9yr9z/7Xi9qNzmWad3d4+sABeZeyYcBdC7TcSACBAg0B6Bz35/ZfOw161pfvfH9uTUs0wemQ9BdaRWHZXbhsuv9Yx35MO5e1r8aubstYnLjbx1DRIYrkBdKmbay0dz9tv3pp2E/gn0SSDvlbskXp8xfTCxT5/GNsKx1BHq9dni7xJ2II4ANo4PTjPfT9SO/MHsbBwB3WwT9Z5cO2ufn+A3q+J2rALZ1h6QDqpgXoXzS421s/43fpcMsc6Ge3Kid2f9ZkyzB/W8IOPcqf/TOZIR7pBWnpmozxs3H0mLLW9klAW4umyBhQABAgQIjEXgKz9c2Tz2zWuaP54/luYH3+jadfnr4r2r62yqula5A2q6s0XUHzF/m6hr7f9DYnV3UpcpgfYJ5HeoLj95qxZk9toW5CAFAr0RyO/2HTOYuiSU/Rbbn9XaMfbKxLvidpHLk2//qdaYFYjd3okT8v+jEnvM3u92SQIXy7PqDKTaWXvbJbXgSQQWIJDt6/qJj2XVYxJXWsBTrLIwgfqeyyMSdQnCKy7sKe1eK+OYe1DP1dqdbWuzq7Mk60znlyTqs0dvl5EU4HL5yb0idOfeKhkYAQIECExV4OSfrGge/cY1zXlrp5pGbzs/8zcrmge8aofmqE/27oC03s7ZVgZWl9B6aeIr+fB666087i4CBBYmcI+sNu2zPn6ZHN69sHStRYDAtgTynrgqUUel/1+ivpfGsnCBuirC5+K338KfYs14rUj8fSTqMqd15odldAK1s/Zj8X1NwuVjR+c6+JayPdX3gv5rIL6UUOQd3xZR3/H4tVjXlVw6uyT/g5K8g3pGM4NVm3paol7be/v1JyMpwAXp4Ylp/6GaFCwECBAg0DeBKg49Jme+nXNe30bWjvHUd+rd75VrmipyWnohUGcxfiIfXu1k7MV0GsQUBO42hT437/L/5fKTzvfeXMX/CSxSIO+Fe+YpH038Y8IHnUX6zay+b24/G0sHXC/AL051SfD/TdR3eNYZH5bxCDwmzX453jcaT/NaHZJAtqO69G4V3p6VcETq+Cd/t3Tx/rg/ffxdjbaH5Dx7UM+H0rK/t0fLW5eirLOc/3K0zbajtWUX4HL2W7VRBTgLAQIECBAYqcAfsvvx0BTfzvq9fSYjhZ1p7H+/trJ58GvWNL86h+84fKfcpj8epzwBuu+eQP7gW5Os79CCzI9qQQ5SINBpgfw+3zgD+ELCmQzLn8n6/qPaWfqA5TfV3xbic9eM7huJurWMX+Dq6aKKw09P+GNm/N696yHbzWwx5dMZ3LV7N8B2D6h+Zw/PHBzZ7jQ3ZZdcr5D/OahnE8k4frp0Gn1PrJ8yjsan2eayC3BJ/vaJ3p4iOM3J0TcBAgSGLvDst69pvnOmv6fGsR0c+9lVzVOPXtOcf8E4WtcmAQIEOilwy2R9ySln/q2c/VY7cC0ECCxRIDtuDs5TP5HoxffMLJFh1E+rAxTeGts688gyRyAmdcnJ5+au4xOXnfOQH8cvUNvl4Yl3Zw6m/f49/tHqYWQC2V7q+91OStQZ0qPYN55mLEsQeOgSnjPxp2R7uUU6/UrCQT3j16/fx3+P+WsTq8ff3WR6GMWLzIMnk6peCBAgQGBIAsd8ZlVTZ2hZRi/wuhNXNf/8rtXN+g2jb1uLBAgQ6LBAG85aOLrDflInMHWB7Kx5cpL4n8ROU0+mfwnUB/P67q1H9m9oSxtRLKroc1zin5fWgmeNSOCeaae+r/AaI2pPMz0WyHZSl7j7WsL3Zvd4nkc1tGwvf5O2TkzsMao2tbMggb/NWu+K/44LWrvlKy1rz2YuP1kfau/T8jFKjwABAgQ6KPCKD/bmYJdW6R/5iVXNEcezbdWkSIYAgbYItKEAV4UDCwECSxDITprn52lHLOGpnrI4gdfF+pDFPaV/a8dg74zqc4l79W90nRzRtZL15zMvd+5k9pIeu0C2jTpb9bB09N7EZcbeoQ46LTCzvTwng6iD4y7W6cF0N/l7JPX/zVx0/jtVl1WAC8K9E07z7u6GLHMCBAi0VsDZWaOfmrrs5Ivfp/g2elktEiDQdYH8YVeXDbvBlMfxxVx+8tQp56B7Ap0TmNlJ9qok/uzOJd/NhGs/0pvjXl9HMsglY79+Bv7pRBV9LO0RuFRSqe8rHHyBuD1T0o5Msk3UCSRVSHlhwndctGNaWptFtpfaRl6deF5rkxxOYvVZ44OZk0t0ecjLLcA9qMuDlzsBAgQIEBiKwInfWtk87zjFt6HMt3ESILBogTZchuj9i87aEwgQKIF/SzwOxUQF6ru36tJQ+0201xZ0ljEfmDQ+ntizBelIYUuB2jbfknl66pYPuWeIAtkW6iCr+l7QBwxx/Ma8OIFsL6vyjLckHru4Z1p7jAL1d9p7Mjc7jLGPsTa95AJcLj9Z1z6981iz0zgBAgQIECCwbIFvnbGiefJb1/jOt2VLaoAAgR4L3KoFY6tLIlkIEFiEQHbGvCirP2URT7Hq6AR2TVPvyxzUWUeDWDLW+q6xDyV2GcSAuz3If8t8vbjbQ5D9cgWyDeydNj6duPFy2/L8/gtke6kCz3GJB/Z/tJ0b4R2T8dGZoyqQdm5ZcgEuIz044VD6zk25hAkQIEBgSAK/PndFc+iRa5rz1g5p1MZKgACBRQtM+wy4nyTjry46a08gMGCB7IT5+wz/mQMmaMPQ900Sb2xDIuPOIdtbFd/ekagzrCzdEHhG5k0RrhtzNfIsM/fXTaOfStTrlIXANgWyvVRh578T9b1jlnYK3Ddp1SXHO7cspwD3150brYQJECBAgMCABOp79J5y9Orm57+tS5hbCBAgQGBrAvmDu77Y+0Zbe2yC970v3/+WV20LAQILEcjvbRVDjljIutYZu8B9Mx9/N/ZeptjBzPam+DbFOVhG14pwy8Dr6lPzO3uz5P6JxBW6OgZ5T04g20vtMHlTQq1jcuxL7ekxma/HL/XJ03rekgpwufxkvYC14TIt03LTLwECBAgQaL3Aaz6yqvn095b0Vt/6sUmQAAECIxQ4IG1N+4yGuqSZhQCBBQhkx8sNs9oxCR9yFuA1oVVeknnp5ffBZVwHxlDxbUIb0pi6qSLcc8bUtmZbJpC5rjPfPpAYzOVxWzYFXUznlUn6IV1MfKA5vyK/53fs0tiX+oG1TvlzOH2XZlquBAgQIDAogfret1d92JWiBzXpBkuAwFIFpn1gYZ359vGlJu95BIYkkB0ul85435WoM1ct7RHYMakcmfmpS3j1Zsl4rp/BvCcx7YM0emM6xYE8L/P5yCn2r+sJCGSOq/j20cRuE+hOFz0QyDbzlAzjCT0YypCGUJ813p65u3JXBr3UApxTMrsyw/IkQIAAgcEJnH9B0zz9f9Y069YPbugGTIAAgaUI3GQpTxrhc76cy0+ePcL2NEWgrwJ1EPBRib37OsCOj6su+Vbfy9eLJTv29spAjk/s0osBGUQJvC7z6vuderotZG6vnqFV8W33ng7RsEYskG3m3mnyJSNuVnOTEagDso7JHHbiqPNFJ+nyk5PZivRCgAABAgSWKvCGk1Y13/+5E9WX6ud5BAgMTuAGUx7xSVPuX/cEuiJwlyR6sa4kO9A8n5udYcfkoIIzuzz+jOGSyb+Kb3t2eRzbyf2sPH5uog7Z+12ifrd2StTZflXA2CHRt6VOQjg283ubbKNf6tvghjyezOkeGf8JCcW3IW8Iixh7tpn6/uejE0s9OWkRvY1t1e+l5a8nvp04NXHGTPwmt7/P69zvc3vhkvHWwST1Ol9nh1bUQSZXS+ybqL+Frp1YdJ0oz5nmUlcxeW7i2dNMYiF9LwX2r9KwvXoL0bUOAQIECBCYsMBPf72ied2JS3l7n3CiuiNAgEALBPLHaH0/yN5TTuWkKfevewJdEVB8a/9MVeHq3xIPan+qW88w7wu1v+stiWttfY1O3Xtasv184uRE7aitqB20Z2XHbK6ZMf8ys7P28lmjdtDWmUX1HX83TtRlOeuSo11dqsj4rozvgBj8vKuDkPcmgcxlXZK4vvOtttW+LrWtVoGlfqd/lPhV4heJKrCck5j7+zxbTK/PuLsmqihZv8t1ub6KfRKDfj/NNnOZGLwzUa8HXVq+lmQ/mDgx8Zm8hv12ocln3TrQopZfbrxpPjVze+FNTGqbuGniwMTdEzdPdKH+c1hy/2DG94nk29plKXvo7tXa0UiMAAECBAgMXODF71/dnLd24AiGT4AAgYULTPvst8r00wtP15oECLRMoHaAfjHxg0TtGK3bnyb+mKgdo3WGUX0yq4JFRR2BXjtE68yqKyX2StRR5/snagdpH5ZDsjPsiOwM+3JHB/Pc5H3PjuZ+evI+IfHhxEmZg9pJv6RlZmdt7bA9JVFtXrhkbms/4o0Sd0oclLhtYmWiS8tVkmx9f9BBGef5XUpcrhcVyBzWtnds4iYXfaTT/zs72Vdx5JOJeh39arbTOmN1JMuM2d5p7FqJ+hx8s0QVXvryHpShzL9k/LMHWew9/1qteuSryea/E+/MdvDDcWWWtv+Utmubq3hBnGp7uG/i4Yk6+KKtS70GvCH5Xj9jOK+tSa5eTGK5/OQuWf92i3mOdQkQIECAAIHJCHz9xyuaD32ja3//TsZGLwQIEJhHYNoFuO/lj8Xa0WIhQKAbAj9Kmu9L1A6qz+b39/TcjmTJzqMrpqFbJA5M3CWxb6Kry4uT+J27lnzm4B7J+Tkdy/vM5HtU4u3ZHr807tzTR51p8/mZ+NeY1aX/7pM4OHFgoivLbZLoSxN/15WE5blVgefl3r/c6iPduvOzSbfO4nt/4mv5PdswrvTT9vq0/YOZqD4vXPK7XO85ByXumKjX76oB9HF5dgZ1t5YPrApJb028KvP1lWnkmn5/Vv1XZNuov5eekqjX+TWJti3XSELPTzytbYnN5rN69ocF3taHwB0WuK7VCBAgQIAAgQkKvPKDi31bn2ByuiJAgEA7BaZdgPtCO1lkRYDAHIE6A+joxHuyQ6qORB/LkrbPSMPvmIkmO7zq7IT7Jx6auFqiS8udkv+BGdNJXUk6+VYB9M1dyTd5/l/i1Yn3x7mKYlNZ0nedBfqaihheM7d/m3hkoi5/1/blCcn5oxnDcW1PVH5bCmTu6iuSqpjS1eWbSbyKLEdnG/zRtAeRHL6fHCrqd7mKLHdIlPH9ErslOr9kXLfKIJ7b4oGcm9z+M/HyzEcVwFqxJJf67PPg+P1jbqvo/eDEqkSbln9IfvW7NJWC5fYgVm5vhc0ev9dm//dfAgQIECBAoAUCX/nhyuaTpyz2bb0FiUuBAAEC0xW4/nS7bz435f51T4DA1gXqsnTHJG6f2C87dJ43swNq62uP4d709+3Ev6TpfRMHJf53DN2Ms8lnjrPxUbadnXa1I/EtiS7sZH5P8rxpto07J96dmFrxbfM5SC7fTdRZEnsnakftrxJtX96Y+a/vxbJ0SCBzVgcoHNWhlGdTXZsf6oCO2+R35bqJFyd+NPtgW26T09pEfa/WY5PTFRL3TbwvUWfPdXLJNrNzEq9tZmULB1CudSDDvjF/ZqI1xbe5VsnrR4mH5746gPHjcx9rwc81r/+ZeV7Rgly2SGHBG10uP1kfSO6+RQvuIECAAAECBKYu8KaPte0ApKmTSIAAAQILEbj6QlYa4zp1GS8LAQLtEfhDUnlFYu/sZHpgor5Ha2yXAlvIsKv/xEcSf5H166CB9y7keS1Y5y7ZEXbDFuSxkBSqWHjgQlac4jqfSt83z3Zw78QXp5jHdrtOfr9JvDAr7pM4PHHedp80vRUuna6Pzrbqj6npzcGies5c7ZgnHJuogkpXlvpe0HpvqQLLIYlPdiXx5Hp+4l2Je1b+iSMS9f2QXVteloSv1sKk62oYN4nvoYlWFt42N0uedfbmgYk64/mcRFuWWyaRv2lLMnPzWHABLk+q6yPXG5OFAAECBAgQaJHAT85e0Xz45MW8pbcoeakQIEBgSgLZgXP5dD3NnTe1U//rUxq+bgkQuKjAn/LflyT2yo6lJyXqe7VatySvryfqykR3THy7dQlumVCdDdXqJe8F102Cz21xkr9MbrXD/taJTp01nXx/m6ji5v6JD7bY+NbJ7cktzk9qFxWoom793nZhqTNU63u06qCOem/5UReSni/H5H9aol7Xr5g4LNGFs1zrks51QtGjEm1a6kz7ZyRuEdOvtCmxheSSnOvgoNdn3esl2nRJ/X/LfF9iIWOY5DqL2VtXG6uFAAECBAgQaJnAWz+9qtkw1WOzWwYiHQIECCxMYNpnv52eP1zrbBsLAQLTFahLO147v4/PSJw13VQW1nvy/GjWvGHixYk2XxLs/tkRdtmFjWryayW31em1vvetbtu4vDVJXSvzXZes6+yS/Gun/V0zgPreoN+0dCD/ku1h2p8LWkrTnrQyR3+RbJ7Ynoy2mckH8uj+2fafkPjFNtfs2IMZzzmJev/ZO/HPidZ+ns02c/Hk91+JNi31XXs3i+FLEuvalNhic0n+p+U5ddLW6/4/e+cBZ0dV/fFJL/ROKCH0XoP0EmpAkCogHUEEAVFBQRQVEAFFFP4iRSmhtwDSO4Tee++EAKElIQESkt3s/n8nvA2bzdu3r8zMuTPzvZ/P2ffezJ17zvnemdmZe26p9diE8tuUqT9PqOy6i60lADe0bi0cCAEIQAACEIBAIgSa9bh24zO1/DtPxAwKhQAEIJBFAks5G23Tt5AgAAE/Ah9K9fZqPNpG8rafGfVpls2TJTYCYXNJqI27vWXb/vV5mMpRR0jL4FQ01abEpvTaR/W7lyQTI0yqcU++XKp8tnbQI9XkTzlPP+m7QI31Qa4flDKLINWpbuaxOgrSuBmN+kA/d9L5vq3kzRl35euX/LNA3AnyyoLXF0lC7BZ8nOwaKAkl2TTSa4jbc6EY1Kgd8sWeRw5SOUc1WlZMx/9G94s5YyorlmKqarHT+m8DpM2GFJIgAAEIQAACEAiIwAOvd4/GfMV7YkBVgikQgEB2CHgH4F7MDioshUDuCAyXR6uowcgawjKd5MN9csCCSKFOaXtAiIDVOLeE7LKG49DS6zJosOr1ktAMi8Me+TVS5WwsOT2O8mIuw6aitDWNSGESsLXH5g/TtOlWXaxvNqL6+ulbCvBF/n4k2U+u2kioYKZH1n3eYhnW0SKUdKoMseDsl6EYFKcd8sv821viPTJ/btnwyzh9a7SsqgJwUrJlo4o4HgIQgAAEIACB+Anc9GyP+AulRAhAAALFILCss5uvOOtHPQSKSMCmydpfjUS7SMbmBYB8sREXG0ksGBdaWlqNoGuFZpTs+aekT2B23SF71lF9vhGYXbGaI/+aJbbmmgVnm2ItvPHCTtL5ao23pIAIqE5sVrZ9AjKpoylfaIP9X9lXMqHjzqL8lu8Py1ebHtk6N9j6d97J1t8LpcHkCPE5SqI5jPKb5J+NdLZr1TsI9yvdN+YIhXS1ATi70ZEgAAEIQAACEAiIwBQ90j7wWrX/ygMyHFMgAAEIhEFgcWczbJQDCQIQSI/AKKnaQI1DF6anMj1N8mu8tG0rCTEIt2d6JLrWVGrM367rnKnmuETabMo6a8gvRJKvF8hRO2cnBeSwBd9ODMiewpui63VWQTg3YBAvyLY1dT7byOrCJ3Gw6Qj/JBA2Gu4dLyA6b3aSbhvVGkI6REys00chkny9TI4e7uzs7NJ/kLMN09V32Wqn6SctDyPgpiPjCwQgAAEIQCAMAo+/3T36enIYtmAFBCAAgQwSWNjZ5vec9aMeAkUi8JicXUuNQs/m2Wn5ZyP8dpCE5ucuagwNYs502dFLfE4P7Dw4U/bYyJkQRoykikY+3ymFm0hCGjV0kM6TVVMFgbJKBH6vnYtVyuC47yrptlGrbzvaEKRqMbH/u6tJLk/bQF2/vaXzr2nr7USfBd/O7mRfbjfLZxt9eIqzg78onQvOZkRRzyossKGjttAlqcAExk/qFr36URDPywWuhRldX2Tu1mi2vjNu4xcEIFAsAiNe7bIfTbGA4C0EIACBKgnoZczeg+avMnsS2b7Ui+nnSRRMmRCAwEwE/qctP9I1V4huS/Jzgu5x28jnZyQLzkTDZ8MAqf2e5Akf9TNoPVC/lpthi++Pc6T+cNVbq68Zftrl++M6Z63jvwXjbNSCd7KXrNMkm3sbUnT9Oi9stgKbrjTEZMGF3xX52u2qUsTG1jrbU/X4pD7/LklrOshDpGspiXf6oxgULvjWDroFz1eW2DOJR1pISveQDPNQ3l5nNQE464lCKjiB+17pHt33inUgIIVC4Mx9m6LNV/SeUjcUGtgBgWISsBFwJAhAAAIQqIuABd88e5e9W5fVHAQBCNRKwHre76MGsFyvudIRivwdrQbPnbX9fkk17T4di0ji93Yq1DUAJyb9ZMMfknCuzjJtCkYbHVHY4FsbNzGwIJydI7dLQuhqvJns2VR23dtmI58uBCwQGtpajQbiUJ0bZ7kQyaBSsTpd19PzMt2m6bRpXhNL0jOrCj82MQXVF/xf+f3n6rPnL6f8b1F97C3PnpMMdPLw59I7zEn3dLXVtNwNmZ6bLxCAAAQgAAEIBEFg7Nfdorc+8Ww7DgIDRkAAAhCol8Ai9R4Y03EE4GICSTEQqECgkMG3Nh5q+HpE3//U9juAT68e8O1dt4a4UEYF2mivg1VPhQ++tVWQWFjA2BprQ0knhWJIEe1Qw/0Q+b1jYL5bL/j9da4SfKuxYsTsPh2ynuS9Gg+tNfthOsB7Jr+HZIPZUfikeh8nCD+S2LXjkdbQvWSwh+L2OisG4LT+mw0N3bD9AXyHAAQgAAEIQMCfwNPvEnzzrwUsgAAEMkzAuwF2ZIbZYToEskDgRhlZuJFvZSrG1sCxqb9CSKuqESzRkQ+VnJTuObX/qEp5Utz3inTtqobJphR1ZkKVmNgImd8GYuzaOm92CMSWIpphUzyGln6sc/TC0IzKij1i97psXVeSyDqlul5t9NuvnXmMlv4fytcpznYEo14sHpUx/3A06CBH3dNUVwzAKYet/xbC/MvenNAPAQhAAAIQCIrASx909S88KHMxBgIQgEBoBBZ2NuhjZ/2oh0CeCdjIL1vzbWqenazGtxKDnyhvCCys99gm1didUJ6DVa73qAhzbYJkB9XNePtBKkvgb9pqgbgQUghT2YXAIVUbFEjZWgrXTlVp18psrcaLu85GjkoExNCege1/QRJTEtvab573eRvltbd8/ESfpBkJ/EE/35pxU2q/di8FZ1NT2FFRV613QzoewG8IQAACEIAABPwJvPaRtWGQyhCYpG33S6yH1f6STSXLSmzO8bkkPfVAbPB6l35bT+ylJetIbGokO8amaxomsXJGSUgQgED+CMzv7NKnzvpRD4G8Ehgpxyy4Yc8DJBEQixf08Z9AYAzxsEMNb32k9xceusvotBE0b5bZzqYSAfGxaTntmdxGy3inwTp/Nvc2okj6xdve1UKb/vNEnZf/KlI9JOmrWFoHhC0lNjIqlqTzppcKOjyWwuov5G/y7Z76D8/vkeLyjbyzaaA9ko2MdB3N3NVivEM8qKATAhCAAAQgAIHKBF4bbe8lpBIBe5i7WnKF5D493E0ube/0Q3lsyp8vShlsXvJOe2PpYd6mLFpVsrJkDcn6kmUkJAhAILsELCDvmUZ7Kkc3BHJKwKZ72kX/4z/LqX+NuHWcDt5HMksjhcRw7FoxlFFPEeb7gvUcGPMx5+j8vC7mMnNZnDh9qWfw3eWcjZLpqu0yaQZHS8HdSSuh/OkEtte31ab/8v9ylUz4o78Z+bJA1/h4XeNxBrd3FSHPGS5elv7j8lVL8XqjOr9ddX6LSrWOz2mnPaXw0rSVtunr3val46fWf7N9G3Tczm8IQAACEIAABHwJTFTz0ifjCcCpFqyh7W+SRfUwt6890Em6DL7VWnsq8wvJ/ZIzJbbo9rIqYz6JvRyeIXlNQoIABLJFYA5ncwkQOFcA6nNJ4Aj9j34yl5416JS42KjbMxssJo7DV1PjW584Cqq2DOmztq3fVJs/wXzW2ct7baIE3Yu/aJ23z6rUEAIfm+s8Ghy/h5TYCYHfdrLdY/NTUmqjVm1UJilmAuI6McYifxVjWbUWZefHAfIn9raIWg3JQP5jZKPH9WT3cWvDcUmdBuBkzXIS7xdTFygohQAEIAABCIRMYNQYgm+qnxclq+kh92jJ52nXl+mU3Cj5pWR56V9McpDkDkmzhAQBCIRNwEa2eqaPPJWjGwI5JHC1/h//O4d+xenSP1WYzQDgmXpL+aopG7CV9Nl0495pP52jX3sbkUH91tnOgiDe6RfeBhRBvxrIbaaRUNZ+GydbbFQ1UxoHfvLpvNlIJnoGyc/XefJ44JiCME+crB3HRpWmnWwk9c5pK23TVykAt15bJj4hAAEIQAACEAiHwAdjCx+Ae0C1sb4e3l4NpVZky/uS/0iskWcBiU11dJukRUKCAATCIzCHs0lfOutHPQTyRMA64hySJ4eS8EXPKJ+o3CuSKLvGMm1K7zTTz9JU1omu/4r/w53sY3MFAuI2Vbutk5t9eqZd1cg/r6cBBdEd0ihRm2HlvYJwz7qbBzs6YOvZhTRq0xFF1apPrDpnvBl3iLe46kurFIBbp/piyAkBCEAAAhCAQFoEPi729JPviPN2ehkKtvFato2VXCL5vmxdRHKU5GUJCQIQCIeAawBO94cJ4aDAEghknsBhuqbGZN6LdBw4Nx01FbWkFoBTwMRmKLDnMc9kUw4f7WlA1nXr+n5GPnhPodpHNvw46yxDtl/Xq41U3T4QG/+t8+6mQGzBjAoEdN7Mrd07VciS9K4TeQapDbF4WdvIzbUdFUvuTXS+zBZLSTUWYsPvOkuMgOuMDNshAAEIQAACjgTGfFXoEXAH6oHNepllIsnW0TL0VBM97NnauodJ7AWhlyQryabKW93RWJuiYhlH/V6q7dzxbjRs73vepkz0DMBl5h7W/gTgOwQCJXCD/td6TGUUKI7KZonVI3oeeVO5PKdkXLGylbHuPVClVep4HquyTgo7TtzHdbKPzdUTOF5Z95ZYY7tXOljXz2mqT2a4SKYGbBRTCC+6tl6jdaAkZYPAXjLTAuQeaZSUencO8PA7Dp3/UiHbxlFQDWXYNNhDJcNrOCaWrGUDcE1XDZhLpS8XiwYKgQAEIAABCEAgVgLjirt6xGN64b03VpgpFibbH5K6h/TivqA+bTqkQyXzSIJOsnuKDHzOy0jxmuSl21nvFLF34+7sexrqPdeAC3YEbxrg0QGBGAnYemZHxFheUYqygOWxjs4um4ZuPT9Y4M17xNJrsuE/afibdx16JhqnOj1Bfp7u6OsS0r2x5D5HG3KpWnVrAZR9A3Cu1ezQ+TYxAFswoToC1tHCK52kc+UbL+UZ13uX7H9DknZHWwv6pR6A66wn0NoyJoReBzKDBAEIQAACEIBAewJfTCzsv+hc9HDXQ/rHkj+pTheTHC4Z2b5++Q4BCKRCoGxHxFQ0R9GElPSgBgJ5J2BThNnU1KTaCFxTW/bYcy+sxvY0ZgIYIssXit362go8Rudoc22HkLsCgbO1z0aceCYbhUeKn8AOKjKEjonn65p9JH73KDEJAvpfsprKXSmJsqso0+5FF1SRjyxlCOg6s2D3hWV2Jb1p86QVlCu/swDc4HKZ2QYBCEAAAhCAgD+BKcV9jX/cn358Fuih82vJv1TiUhLrof1+fKVTEgQgEDABG7VDggAEGiNgU7me2FgRxTxazx4vyPPRjt5bO5R1Qko62bRknuk5Kb/B04C86da5a7MynOTs185q9O/nbEMe1f80AKc+lw2s1xhARdRgwo9qyBt31n+W7klxl1uk8i6RsxaISzNZJ6BURuK3d4oAXHsafIcABCAAAQhkgMAke/UsZvowj27rwb1ZMky+LS35meQDCQkCEEiWAGvAJcuX0iGQNIF/6H/nmKSV5Lh87ym9ByXJVo1rfVX+zknqqKLsE3SOpt2wWIVZmc9iI048R8HNLv0/yDzFgBzQ9TpQ5mwagEl/1DU7NgA7MKEKAjpvbFqgXarImkQW6wR0XhIFF6lMXW/WvvOgg8+bpa2zZycK1+xkO5shAAEIQAACuSHQs0cUDZijNZp71tZonlmjaPZ+rZFt69/7OxcnlFaf+npyt2i8vn/xdbdorNZgG/NVt6jV6ZW6aep39hXsW65HjegB1EKr5+hl4iJ9/lLyW4m95JMgAIF8EXD675EviHhTaAL2dHZWoQk07vwIFbFn48XUXcICdR9Z3YFbK5vnM9Sb0s/ot+rqqqZc9rysZ+XTddBpNR0Yb+bdVdzV8RZZ6NJ2DcD7N2TDfwOwAxOqJ7C2si5RffZYc16ge9GXsZZY3MKulOsbpey+BfxTfY6cKQDXdNWAuWXEoik7jjoIQAACEIBAogRmUz/YVQa2RGsMaolWWKg1WnKB1mjhuVqjHp2NBe/CGguCjf6iW/ThuG7RWx93i14bbdI9elPfCzxFZBfUGt5tzyieUyY17EA1Behh3hoWT1bjgvWqO05ykEShYRIEIAABCEAAAiJwof5X2lRhpPoJeI+AW6h+06s6cvuqciWX6Qydoy3JFV/4ktuekWdzIjFUz+n9Ss/sTibkSq0FNL0T6zV610Dt+n9Y+yGxHXFubCVR0K0OCNZLW+dMATgZwPpvadcC+iAAAQhAIBECi87dGm2xcku06Qot0eqLtdQdbCtnXC+FQwbO0zpN1l3quxyTm6Pomfe6R4+/3T165I3u0QujbGYEUkwEVlA5L8dUVvDF6KX+Mxl5qF7w7QHf1opLu2dY8IwwEAL1ENA1pTHPrmmyq3aUQyDbBGwE6T+z7YK/9XrGeEf3wnGyZC4na+ZLSq/8sk5LnlME2tRkNpsBKSECOn8nqJ7PV/E2Y4RHsjXgtpQwyrFB+qrHJVXEGg0W0+jhtl7j9Y0WwvGpE9g2dY3fKrxf96DXnXTnTq1YjtR9wEaN23IcaaUB0jlQut9PSyEBuLRIowcCEIAABFIhYCPatlqlJdplranR2ku2RN1Sjn/10X/WdZdqmSa/HBpFn4zvFt31Uvfo5ue6R8+NrHO4XQdy3VP2qYN6z5/2onuNpwEeuvVg+IIeEIdI9x4Sm24n6WmbpIIEgVwTKPcOlKbDNsqVBAEI1EfAGr7equ9QjupA4EX99urcM28HW+L8uYEKs1kTvNJlOke/8lJeIL02XaBXAM4w7yAhAGckGktea3i1t/ovumaZHrw9kcC/693YukAv62TmMCe9eVZ7h5xLMwBnLNeVpBaAK9cSuLpZQYIABCAAAQhkiYAF3nZbZ2p022+mRKft0RStoyBY2sG3crwW0Bpze60/Nbry0KboxiOmRHuuNzWapU+5nNVvm9WWlS9m+pEetj0bVNyo20uh5DIZsJzEpt0hQQACEIAABIpI4OIiOp2Qzy8lVG41xSY5deB21RiQYB7WkUoQblvRei5+Rd8fafvt8Lmt3kvKtak6mJJpld7Txb4metdlmmAxjfca/Wad6K4tJvJEvb4r0dLLF75O+c3JbC33z2KlZFRRKgQgAAEIQCAZAjbS7YZfTYmO36l52pSQyWhpvNRlFmyN/rBDc3Tf7yZHh20xNbJ16epJ/XvXc1QujrFp407JhSd1OqHGhi8kB+rwIRKbqoEEAQjUTsB7BNoctZvMERCAgAjQ8BXvaZDXAJzNmOCVntNzmk1nR0qHwIXpqCmrxUZxek+dWNawrGxUAHMe2bqWs72s1+hcAXWq36bO4xo97Ebd479stBCOn4mArUub9rqpqd6/ZwjANV01oJccXmYmDGyAAAQgAAEIBEigr/5r/fmHzdFFBzVFSy2QnVkjZteqAYdt0Rzdc8zkaJkBtds9W9/ajwmw+uo16UC9rB1S78F5OU4P/vfLl9UkZ0gKfULkpU7xIz0Cun6812Ar7kTC6VUzmvJJwKafnJBP11y88uzIk8gIOD0jLiCSnp3KL3epyeIqHS7Xpzi6v7mj7jyo3kpOzNAunbJTX0jfJSnrRF2DBHSft27MGzZYTL2HM1qyXnIVjtOznU3bbKNR00yrpqms443Ogm/eayKk6T+6IAABCEAgowSWmL81uvYXU6at9ZZRFyILxM3Zv/bYyez9s+pxbHb/Ww/ex0gK3YitB9WJkl+K6maS92KjS0EQgAAEIACBMAl4B8/DpFK/VR/Wf2jDR87ScAnlC9i0/ObUtl6VmiYURXoOtgDKnY4oCMA1Bn/rxg5v+OgLdQ593XApFJA2AZs6sMFFPeoy+RsddWtdR3JQNQSeriZTjHnmUHvSwBjLq1hUxwDcyhVzsxMCEIAABCAQAIE1F2/RmmpToiUVhCtiWmD2Yvrdoa5P0u979dC0fIfthfupF8f75PQqkksL5zwOQ6B+Ap495nvXbzZHQgACEIiNwMexlRROQdYpySs9pmey972UF1jvlY6+r693ERuNQ6qRQKkj5dAaD4s7+wVxF0h5qRAYkoqWmZXcp3u8jdQiJUPgqWSKrViqtaGkkjoG4FZIRStKIAABCEAAAnUSWHepluiCA5umjR6rs4jMH7bgHATgSpU4RJ8v6gXuSsngzFdsAw7oZeBLyd4qYi8J89I3wJJDC0PAcx04xjEX5jTDUQiES0DPDeNkXd5GFQ5xJH6To+4iq75Nzqe9dlAbbwu+rd32g8+aCCyn3LaOnld6WvfAl7yUo7chAkMaOrr+g2+v/1COrIJA2iPgzKQVq7ArliwdA3Cec2XH4hCFQAACEIBAfgmsOrAlOvvHTVHvgk+WvAABuPYneQ/92E3ylIJwj0gOkXi+zLW3LfXvepG8TEpXl4xNXTkKIQCBagkkNfVatfrJBwEIQKCNwMdtX1L+jH0NuNLz35Ip+9FeHQG49jRS+q5nX3vmfSgldeXUrFtuI9u6JLBxlzmSzXBxssVTehIEdJ+3WSRsCkqPxPSTyVL3CIjbUmyppI4BuMJP45QKdZQaqa1tAABAAElEQVRAAAIQgEDNBObXtItn7dcc9e1V86G5O2Dx+RgB10ml2gvwvyWj9XB+l+QXkiU6yZvbzWqIeFsyIbcO4hgE4iEwMZ5i6iol9obnuqzgIAhAAAJRZGtoeSTrQBV38hyJ9L6evV6M2yHKq5rALVXnjD+jVzAgfk/SLXGDdNXNoM1epofPsIUfWSGwqgz1WP9tpO7xb2UFUhbtFN/xsjvtTsSpBeCmjyFoumqAPQB59hbK4vmBzRCAAAQgkAKBHuoucvpezdE8sxJ4Mtz91O9rwJyt0egvuqVAP5Mq7Plm85KcriDcq/p+o8R6Jtv6HFP1SYIABIpNwF7yBjghmN1JL2ohAAEIdCTgNXVfRzvi+O05EuneOBygjLoJePL3PO/qBhbAgRs52mDvgx856kd1/QS+V/+hDR3pOcq2IcMzdvA7snfuFG1eOi1d7UfADZRSxhWkRR49EIAABCBQNYF9NpgarTGoper8Rci45PwEI2uoZxvhf7TEHpw/UUDuIskuEkah1ACRrBDIGQELwHmlfrr/JDH6w8sf9EIAAtklkKcR82s5VsM9jrpRHUXPCIKtaeiR5tf/9EEeirOqU7wWku2LOtp/raNuVDdGwOs+P6Ixszm6SgJvV5kvrmwLpNUm1D4At1Rc1lMOBCAAAQhAIC4CC83VGv1iaHNcxeWmnBUXIQBXZ2XOo+P2kVwt+VwPXHdKfi4ZpN8kCECgOAS8pl1rI8wouDYSfEIAAp4E8tTDbQ1HkPc56i68ao1msvP4AUcQnueeo9t1q7b1qj3TbZ7K0d0QAa8RcA83ZDUHV0sg7QCc2TWwWuMaydc+AJfavJeNGMyxEIAABCBQLAI/32Iq676VqfJVB+apvaSMg+ls0mSe0RaS/5O8qyDcC5K/SNaRtH9GSscatEAAAmkS8BwBZ37Om6az6IIABCDQCYFcjIDTc5tNKWydrDzSKAWAPvRQjM4ZCDwyw690f6ySrrrMa/MMWH6g6/WVzBMsoAO6z/eX2zazTdrpSyl8PW2lBdXnMTVsKqNxe7arUEbAtYPBVwhAAAIQ8CcwcJ7WaLs1pvobEqAFqy3GCLgEqmVllWnyO8mnesi/VZ83SO7Si9rX+iRBAAL5IeAdgJtPKN/MD048gQAEIOBKYCVH7Y866kb1dwQe++5r6t/s/YFUPQHPEXB3Vm8mOQMjsJzs6eZg0xOlUbYOqguncoyDxwunobN9724CcGkQRwcEIAABCFRNYM/1pkY92v+nqvrI/Gece5bWaJkFCcIlWNPzq+z9JNdLxigYd7vkcMkS+k2CAASyT8B7Ckpb/4QEAQhAAALxEPAMgDwRjwuU0iCBp3S8V89Nz/OvQWwuh3sG4O518RilcRDw6mjxXBzGU0ZVBMZWlSveTIvEW1z50to3ay5ZPgtbIQABCEAAAukT6NUj0ug3plmsRH7dpeFTiU+M+/qorKGSMyRvKwj3quTvkiGSXjHqoSgIQCA9AuPSU1VWkwX5SRCAAAQgEA8BzykAn47HBUpphIBGqEzU8a81UkYDxy6pd4J+DRxfmEPFaRY5O8jRYUasOsJvUPUKDR5f7+HP13sgx9VMILcj4NpPQZnKnJc1o+cACEAAAhAoJIGNlmuJ5tIoL1LnBDZdoSW66EFFKklpE7DpL0yOlIzXi+QN+rxCco9e/pv0SYIABMInMNrZRFuviAQBCEAAAvEQ8OxQTuNsPHUYRykvqJAV4yioxjJscIOdgy/VeFwRsy/t6PTHeld7x1E/qhsj4BWAG6v3/UGNmc7RVRKwdf7STrYsQOJpWgCu6aoBc0nTrIlrQwEEIAABCECgSgIbKwBHqkxgzcVbotnV13LCpMr52JsogTlU+j4lGaeH8+H6fpVkhF7wvKbBkXoSBCDQBQHvANwCXdjHbghAAAIQqJ6A1xThH+h5z3tEdfWU8p/TgqG7O7lJAK468J4BOM91AqujQ65KBKwDrEe62UMpOlMjMG8amtqmoByYhjJ0QAACEIAABKolsP4yBOC6YmXr4221CjGerjiluN86NB0ouVsyWsG4/5OsnqJ+VEEAAtUT+LD6rInk9GosTsQZCoUABCDgRUDPWn2l22tdzZe9/EZvWQKvlN2azkb+r1fH2SuIYtaxlld1dRRcLt3nu8moxYIzDIPyQGCeNJwgAJcGZXRAAAIQgEDNBGbry/ST1UBjnbxqKLnksakMfi55Ri8MJodKZnexBKUQgEA5Ah+V25jitkEp6kIVBCAAgTwT8Jx+8s08g82gb571QQCuuhNmqeqyJZLLRkiSsknAOln0zqbpWB04AQJwgVcQ5kEAAhCAAATcCQwe1BINnIdgpXtFVDbARsGdKflQQbizJStVzs5eCEAgaQKaMmysdExOWk+F8hfTvaBHhf3sggAEIACB6ggMqi5bIrneSqRUCq2XwDs60Gt6EM9AcL28PI5b3ENpSScj4BzhN6ja87xp0HQOD5wAAbjAKwjzIAABCEAAAu4Eumkyhr3W93rPdHc/awbYersHS15Uw/sdki0kNp0GCQIQ8CHgOQrO1uJexMdttEIAAhDIFYGFHb15w1E3qjsQUOeaKdr0fofNaf0ckJaijOvxmi72G3EbmXF2RTafAFyRaz9Z33uoTSbx0ZVtU1Dy8pdsZVI6BCAAAQhAIDECO605Neqf+CNDYuYXteAt5fidEpuecgcCcUU9DfDbmYD3OnA0JjifAKiHAARyQWABRy+8gj2OLgevepSThQTgqgPvFTB/SwFapo2pro5CzEXcIsRayY9N/ZN2pS0AZ+uUkCAAAQhAAAIQyCCBWbX0/J7rMQoug1VnJq8muV7yMoE4w0GCQKoEvKcOWzFVb1EGAQhAIJ8EPAMfH+QTaaa98qqT+fUsz9TSFU4d8Zlbu/Xm6pLedtGK0rgIzB9XQZQDgTIE5iyzLdZNbQE4zweWWB2iMAhAAAIQgEARCey/8dSoH6Pgslz1y8t4C8Q9qpfTjbPsCLZDIEMEvANwK2SIFaZCAAIQCJWA1wi4rzSiZnyoUApsl9cIOJtWniBB5RPPs+2ZAFzlugl974KhG4h9mSbQL2nr2wJw/JNImjTlQwACEIAABBIkMNcsrdEBGzcnqIGiUyKwtvSMUBDuGgnT06UEHTWFJeC9dg8j4Ap76uE4BCAQIwGvRv3RMfpAUfER8KwX2lYr16NnEOWjyqaxN3ACXFuBV1DGzeuTtP3dm64aYEOkmYIyadKUDwEIQAACEEiYwE+GTI0WmIOp7RPGnFbxP5SiVxSE+52kV1pK0QOBghHwHgG3SsF44y4EIACBJAjMkUShVZQ5poo8ZEmfwOfpq5yuca7p3/hSjoDXtWq2EIArVyPZ2ebV0SI7hLA0aAI2As6CbzZUmgQBCEAAAhCAQIYJ9FWY5uhtGQWX4SrsaLqtkfAXybMKwn2v405+QwACDRN4s+ESGitgLl3bnr3BG7OeoyEAAQiEQWB2JzMIwDmB70KtZwAu8XWEuvA99N2efDxHRoZeL1mwb54sGImNmSUwW9KWWwCOYZxJU6Z8CEAAAhCAQEoEvr9qSzRk+ZaUtKEmJQI2TZ2tDXc8o+FSIo6aQhDQ2j1fyVHvHtGDCwEbJyEAAQgkR4AAXHJss1iyZ2DU61zMSj15BuA+yQok7CxLIPEASVmtbCwKAZsdMtFkAbh5E9VA4RCAAAQgAAEIpErg+J2aozn6p6oSZckTsIfCP0oeUBBuYPLq0ACBwhDwXgdurcKQxlEIQAACyRDwCnqMS8YdSm2QwIQGj2/kcK9zsRGb0zzWMwA3Pk1H0RUfAb372ntwv/hKpCQIpE/AAnDMUZw+dzRCAAIQgAAEEiNg68Cd+MOmxMqnYFcC60j7c3oR2crVCpRDID8EnnN2hQCccwWgHgIQyC4BPQ95rik1Mbvkcm25Z714no9ZqFTPAKVnYDYLdROyjZ7nTchcsC1DBCwA59kDIUOoMBUCEIAABCCQHQJbrNQS7bne1OwYjKW1ELDOU7eo0enIWg4iLwQgUJbAs2W3preRAFx6rNEEAQjkj0A3R5c8Az2Obgev2qaX9kpakZtUgYC1QXukltK04x660dk4AQLbjTOkBGcCjIBzrgDUQwACEIAABJIicMwPmqPvLcF6cEnxdS7XnuH+riDc2ZLE5yx39hX1EEiSgPcIuLl1DS+VpIOUDQEIQCDHBGZ19M0z0OPodvCqGekUbhV5jWT6MlwkWFYFAa/zpgrTyAKB6ggwAq46TuSCAAQgAAEIZI5AT4Vlzti7OVps3tbM2Y7BVRM4WDmvUgN+76qPICMEINCewKv6MaX9BofvGzjoRCUEIACBPBDomQcn8CE+Ahrp5Nn7kBnG4qtKSoJAGwGvkZNt+vmEQMMEGAHXMEIKgAAEIAABCIRLYO5ZWqPzftIUzTMrQbhwa6lhy3ZWCcMJwjXMkQIKSEANdbZg5svOrm/urB/1EIAABCBQOwHmeq+dGUcUm4DXlLGTi40d7yEAAW8CBOC8awD9EIAABCAAgYQJLDp3a3ThT5uiuRSMI+WWwA/kmQXhmI4yt1WMYwkS8J6GckiCvlE0BCAAgTwT8JwBgGnt8nxm4VsSBLzW8pqUhDOUmRqB/qlpQhEEEiJgAThO5ITgUiwEIAABCEAgFALLLNgaXXQQQbhQ6iMhOywI95+EyqZYCOSZwOPOzi3MOnDONYB6CEAgqwQYhZbVmsPuIhKgN2gRa71xnz07WjRuPSVAQAQsADcbJCAAAQhAAAIQyD8BC8JdeWhTNGBO3n1yXNv7qyH/9zn2D9cgkASBh5IotMYyt6gxP9khAAEIQCCKPANwrPfFGQiB2giMry17bLlnia0kCoIABCBQBwFbsLZPHcdxSMEI7DB4anTKbs0F8xp3IQABCOSPwGLzfhuE+9mwXtErH3pNw58/roF59GcF4Z7X2lY3B2YX5kAgVAKvyLBxkrkcDdxKus921I9qCEAAAhCAAAQaI+AZEG7M8nwf3Svf7uEdBCAQOgEbATdr6EZiHwQgAAEIQAAC8RFYYI7W6PJDpkRbrtwSX6GUFBIBi6xeqiDcoJCMwhYIhEpAwWobFvyIs31b6Jrt52wD6iEAAQhkjcCUrBmMvckS0P9SG2jglVgX0Is8evNMgPt8nmu3IL6xBlxBKho3IQABCEAAAu0J9FU/wDP2aoqO2qY56mFPA6S8EbBFzi93boTIG1P8yTcB72koLfi2Wb4R4x0EIACB2AlMjL3E6gucvfqs5EyRAIMMUoRdo6ovaswfV3Z7LyJll4DnfT671LA8KALWM4TFDIOqEoyBAAQgAAEIpEOgm8ZJ7b/x1GjVxVqjo67oGX04jikp0yGfmpZ1pek3kpNT04giCGSXwIMBmL6dbGDq2AAqAhMgAIHMEPBcJ6N/ZigVy1DPYMs3xUJds7duC5GrU+LsmvFgQs0Wc0CRCVwl568sMoAC+f5S0r5aAI6FY5OmTPkQgAAEIACBgAkMHtQS3fCrKdHJN/WMrn2yR8CWYlodBP6kF87heuF8s45jOQQCRSLwtJydJPGcBnJbXa/ddb0yP3CRzjx8hQAE6iag++VXum9ao75HL7JZ6jacA5Mk4BkYJcBTuWbHV96d6F4LzFI/iSJOrHCvwO1H+h/zv8S8ouBCEWDSqUJVN85CAAIQgAAEyhOYtW8U/WWX5uiCA5uiRef2esYtbxtbGyLQR0f/q6ESOBgCBSCgF2zrtT7C2dUB0r+xsw2ohwAEIJA1Al6N6nRmD/NM8Zwa1OtcDLMmZrbKawpKs8RzZOTMJNhSCwGvwC2dLGqpJfJWJEAAriIedkIAAhCAAASKRWC9pVuim46cEh2y+dSoj+cS5sXCnrS3Q9U7fGjSSigfAjkgcHsAPuwegA2YAAEIQCBLBLwa9efJEqQC2epZL16BgqxUr9e1anwWzAok7JyJgNd15TmadiYIbMg2AQvA0Qsg23WI9RCAAAQgAIFYCfTtFUWHb9kc3fabKdE2q7VEtlYcKfMETlEQjprMfDXiQMIEQgjA/VDXKmt0J1zRFA8BCOSKgNeoI89AT64qMGZnPOvF61yMGWFixRGASwxtrgv2CsDNnWuqOJcqAUbApYobZRCAAAQgAIHsEFhortbotD2aomsPnxJtvBxLEmWn5spaupq2bl92DxshAIFpBDQN5Rv68q4zjrmknxGrzpWAeghAIFMEvBpn58sUpeIYO7+jq2McdWdB9VhHIxd21I3qBgjo+dwaIr5uoIh6D5233gM5DgIdCRCA60iE3xCAAAQgAAEIzEBghYVbo3P3/zYQt9mKjIibAU62fvwuW+ZiLQRcCIQwCm4/F89RCgEIQCCbBD5yMnshJ72orUzAc6rBTyubVvi9nnwIwGX79PPoaLFAtpFhfUgECMCFVBvYAgEIQAACEAiYwIqLtEb/3rcpukVrxO22ztTIpqokZYrA9zS13TqZshhjIZA+gdvSVzmTxu10rXo2IM5kEBsgAAEIBEzAq1G/j+7VjIIL78RY1MmkZun9zEl3VtR+6Gjoko66Ud04gXGNF1FzCQTgakbGAZ0RIADXGRm2QwACEIAABCBQlsAS87dGx+/UHI34/ZTo6G2bo0HztZbNx8YgCRwWpFUYBYFwCNwtUzymuWlPoKd+7N9+A98hAAEIQKBTAl4j4MygRTq1ih1eBLwCcJ9pqjxeiirUuvh8qd1ez1hLVzCNXeET8LjP91UnC9aBC//cyISFBOAyUU0YCQEIQAACEAiPwJz9W6MfbzQ1uu3XU6JLDm6Kdl17ajR7v/DsxKIZCOykF4nZZ9jCDwhAYDoBNQ5N0o+bp2/w+/ITXau8q/nxRzMEIJAdAp84mjrQUTeqyxPwqhPP0V3lSYS59QMnswbpuaqHk27UNk7g48aLqKuEQXUdxUEQ6ECAl7oOQPgJAQhAAAIQgEBtBLp1i6LvLdESnbBzc/TQHyZPm6ZypUVaX1Yp39RWErlTIGAh0p1T0IMKCGSZwDUBGL+4bNgqADswAQIQgEDoBDwDH0uFDqdI9inAYs+5XqMSPUboZLF6va7XXoLF9ZrFM+Zbm0c7mW7P4yQINEyAAFzDCCkAAhCAAAQgAIE2Ar01cdpmK7ZEww+fMlzbbN703SQXSz6XkMIg8MMwzMAKCARL4FZZ5jVFUnsoR7b/wXcIQAACEChL4J2yW9PZuHQ6atBSJQHPAIvneVglniCyvedoxaqOulHdGAECcI3x42hnAgTgnCsA9RCAAAQgAIG8EtBUbhMkV0v2lY8WjFtX8hfJcxLWSBAEp7S5egjP6qQbtRAInkBA01Buqmt1cPDAMBACEICAL4GRUt/iZMIyTnpRW56AZ0D07fImsbUDgdc6/E7z52ppKkNXrAQ+jLW06gtbofqs5IRA5wQsAEcDWOd82AMBCEAAAhCAQH0EprQ/TA3aLZLHJMdKVte+eSU7Sk6XPC3xajiR6sKl3vJ488J5jcMQqI3A1bVlTyw3o+ASQ0vBEIBAHgjoudKeOUc5+bKSk17UliewcvnNqWxlBFx1mN+qLlsiuQjAJYI1lUK9zhvu8alUb/6VWABuQv7dxEMIQAACEIAABFImMLGSPjWWjJX8T/IryZrKO7fkB5J/SF6QkJIlsGmyxVM6BDJP4BZ5MDYAL3bVKLjFArADEyAAAQiETMAr+DGf7tEDQgZTMNtWcfTXK0Dg6HJdqt+o66h4DlpX16tWLydlkIDXCNMVOGcyeLYEaDJTUAZYKZgEAQhAAAIQKBoBBeHGS26WHCmx+fnnl+whOV9iUwuR4iWwSbzFURoE8kVA96HJ8uiyALzqIRuOD8AOTIAABCAQMgHPRn3PoE/IdeJhm9caX81y9l0PhzOo0wKVXjOfzCndy2eQWeFN1nO5DR7yWFN+Fun1XFuy8HWfFwAWgPO68eWFIX5AAAIQgAAEIDAzAXsRrTvpIfszyRWSn0gGqSBb0+FgybWSEEalyIxMpxXVm2+2THuA8RBInoB1AAgh7aXrlZf/EGoCGyAAgVAJvORo2BqOulFdIqD/kxZcWcIJyGt6X2ly0p0pteJkHZzedDR6fUfdqG6MgNd5s3ZjZnM0BKLIAnAWRSZBAAIQgAAEIACBOAl8FWdhell7S3Ku5Icqdz6JTVt5tORuySQJqTYC3ZTdGJIgAIFOCOh+87x2PdPJ7jQ32yi449JUiC4IQAACGSPwoqO96zrqRvV3BNbSV3u+9Uie55+Hv43qfLbRAho4ftMGjuVQXwJeI53X8XUb7XkgYAG4b/LgCD5AAAIQgAAEikTguZH2LzzolFhQTI3iLZKnJX+TbCEKc0s2kRwvuV9iPStJXRNYvess5IBA4QlcGAiBPdS7f8VAbMEMCEAAAqER8AyAMDoijLPBs5Hc8/wLg35tVnh2btpCz1PBv0jXhrMwua1jnEfyvLd4+IvOBAgQgEsAKkVCAAIQgAAEkiZw0IW9ovPv7xG1tiatqe7yUwuCKQj3jWSE5DjJEFk8l2R7iTWce8wVL7WZSCtlwkqMhIAvAVsHLoQOi9ar/zRfFGiHAAQgECYBPf/Z9OQfOVk3P9MEO5GfUe16M/5M9RcBuNpwe46Am0em0gmxtvoKJfcLToasXpri1kk9avNAwAJwTEGZh5rEBwhAAAIQKBSBFq3geuotPaNfXtormjglSNfHe1mlRphJkhsl+8uGBSXfl1wvCTdcKeMc0nIOOlEJgUwR0H1knAy+JBCjh6oBYJtAbMEMCEAAAqER8BxVYzMxkJwI6H9jb6ne0Em9qX3aUXcWVXteq8Zr2yxCw+bIawScxU6GwB8CjRCwk4iFQhshyLEQgAAEIAABRwJ3vNg92umM3tFLH9jgiKBSEGFBNZ5Pldwm2Ul0lpFYQzqBuG9PlSW+/eAvBCDQBYEzutif5u5/qKGxV5oK0QUBCEAgIwQedbRzM0fdqI4iW/+tvxOIkXrPGO2kO5NqxctGrL7uaLytKU7KGAGdNzazjde1tnnGcGFuYAQsAPdlYDZhDgQgAAEIQAACNRB477Nu0W5n9o7OuadHNFUj4wJJXwdix3Qz9ND+lmQfbbAesm9P31HcLwuoIb9vcd3HcwhUR0D3jZeV887qcieeyzoS/CJxLSiAAAQgkD0CTziavKmeqax9jeRDwNaE9kqPeSnOuN4HHe1fSdfr0o76UV0/gafqP7ShIxk12RA+DiYAxzkAAQhAAAIQyAEBC7ydfkfPaK+ze0XvjwliNFywU1yrMf1hVfmakvtyUPWNurBoowVwPAQKQuD0gPw8Tg1HgwKyB1MgAAEIhEDgcRnhNcvBfNJto7BIPgQ8G8cJwNVX5w/Ud1hsR+0WW0kUlCaBR9JU1k7XYnr2Zu3AdkD4WhsBC8DZugYkCEAAAhCAAARyQODZkd2jbU/7djRc81RXh4J+vlAQ7gvRsZd17zUIXCtJyq3BiAQBCHRN4HZl8Zwuqb2Fs+jHue038B0CEIBA0Qno2c5md7IRy17pB16Ki6xXjeILy/81HBl4Tn3q6HbDqj1HwJnx+zbsAQV4EPAKwJmvO3g4jM58ELAAnDVAkSAAAQhAAAIQyAmBKc3fjobb4fTekQXknFLwzxdqqJkoNrtLglivzqme5nfSi1oIZIqA7hc2quKfARm9pRodbUpdEgQgAAEIfEfAc3aD7b4zg28pEvAMfNqMH0+n6GtuVOm56j05M8rRoaX0HLWeo35U10fgSR2m1g6XxKhJF+z5UEoALh/1iBcQgAAEIACBmQi89Um3aPd/94qOvrJn9Mn4VKelnNBrt9FeUwDNxKHSBr38vaH951fKk/N9c+bcP9yDQJwELlRhno1FHX35pxqPFuq4kd8QgAAECkzgHkffbV2p5R31F1X1Lo6Oj9C7hFcwwNHt2FTfFltJ9RX0k/oO4ygvArreJkm31ww2y+oez1TDXpWfcb0E4DJegZgPAQhAAAIQ6IrADc/0iIb+rXd05l09o2+ausody/7gR7918NIa1Yua5iiq4/gNgVoJ6KXfRsueVOtxCeafW2VfpMaAVHtYJOgPRUMAAhBolMAIFaCVkd3SHm6aC6i41AllE0fXPQO+jm7Hpto7ALe7zqF5YvOGgtIicHdaisro2bfMNjZBoEsCBOC6REQGCEAAAhCAQPYJWODtzLu+DcRd+ViPqCnZ9eGyFoCzqWNs3ZAiplmL6DQ+Q6ABAhfo2JBGwW0ue45swB8OhQAEIJAbAuooMV7OPOXo0G50ikiVvk0J59kJxTMQkCrohJQZP+vc5JX6SvGBXsrRWzeBO+s+svED99A93tZiJkGgJgIWgBtb0xFkhgAEIAABCEAgswRsKsrjrusZbX1q7+j6p3pEU5PpIzwmS4DUWGMUXs+SzTHa2ivGsigKArknEOAoOGN+khoD1sg9fByEAAQgUB2B26vLlkiupVXqxomUTKHlCOxfbmNK20bpmeCVlHTlUo34fSXHHnR27lA9Q/V2tgH1tRF4VNnt3PFItnzD3h6K0ZltAhaA+zTbLmA9BCAAAQhAAAK1EvhgbLfomKu/DcQNfyL2EXGf1WpPAPm9HuIDcB0TIACBGgmENgrOAunD1YBkU1KSIAABCBSdwA3OAA5w1l8I9fqft44cXcnR2f856s6Tau/rdRHB9Azk5qkuU/Gl1BnuvlSUlVdiQVvPkbflrWJr0AQsAJfFRrKgoWIcBCAAAQhAICsE3h/TLTp2eM9o05N7R+eN6BF99U0sln8eSynpFtIjXXXBaLOpV0gQgEANBEov/r+v4ZA0si4uJVeqQaCo97I0GKMDAhDIBoFnZeYHjqbuonvxvI76i6L6YGdHvQNHzu7Hpv5alZTMnCzVm3iUrtme1WcnZwAEbnW0wQL/Qx31ozqDBCwAZ41kya4Ek0EwmAwBCEAAAhAoEoHPJnSL/n5rz2iTk/pEJ9/UM7LAXAPpowaO9Tp0gJdiZ73xhFydnUA9BBwIXCqdtn5kSGkLGXNiSAZhCwQgAIG0CaiTRKt03pi23nb6+ui7d3ConTn5+6pgyQLyandHz2y96wcc9edGta5Xe28c4eyQdWL6sbMNqK+NgAXA7V7vlY7zUozebBLo3mu30XbCMgoum/WH1RCAAAQgAIFYCXypcMxFD/aIhv6td/ST83pF977SPWqp/dE2U88Veom3udyXjBUkhUEAArkmUGrgPTJAJ3+re9oeAdqFSRCAAATSJOA9PeBhuhezrlRyNX6oivbke7OeA5qSc69wJV8TgMcn6JqdJQA7MKEKArr+Rivbw1VkTSrL2jpfrOMbCQJVEbARcJY++faDvxCAAAQgAAEIQEDdyRR0e+iN7tEhw3pFm2l6ytPv6BmN/LzqUXFZe67YWXVetXM5Oz9Y+y5nFYo76RHQy//90ubdyFvO4WFqFNi03A625ZOA6ru/5Nf59A6vIFAXgXt1lOfzqI3Q2r8uyzmoIgHd62ZVhkMqZkp+52XJqyiUhuvkbbOzxwtK/xHONqC+NgLDa8see+6TdT8qahtC7DDzXiABuLzXMP5BAAIQgAAEGiQw+otu0Tn3fDsqbo+zekVXP94jGj+xYqGeDR4VDeu4Uw/NNt//bzpuL9BvpqAsUGXjaiIEjlapofWC7yWbrtf9bZVEPKbQoAionueTQfdItg3KMIyBgCMBdZCwZVaudDTBVP9O16fnKC1n9xNTf5hKniex0rsu2N5z7uo6GzmqJaDr9VPl9Zw2ts3UY3TNLtb2g8/gCVwvC2ufqyc+twarqD3jK46S8kygLQD3cZ6dxDcIQAACEIAABOIh8Mx73aM/XtszWu+EPtOmqBz+RNlgXJaeK/4oMsvGQyeTpYzJpNUYDYFACKjR6A2Z8o9AzGlvxuz6casakpZov5Hv+SKg+l1cHtkUTOvkyzO8gUAsBLxHKS0qLxgFF0tVfluI7nmz6Zv3aN8rSwHeGD2jKBE4LwAK/WTDmQHYgQlVENB1+L6yjagia5JZTtJ9ialLkySck7LbAnAf5MQf3IAABCAAAQhAIAUCU1u+naLy2OHfBuP2PbdXNExrx733WTfrhfZRCiY0rEIPyz9TIX9ouKBsF/B5ts3HeggEQeAEWfFuEJbMaMTC+nmn7nWLzLiZX3kgoHpdU348Klk6D/7gAwTiJqDG2SdVpnWS8Ex/0LXa39OAnOm2Ueeeo98M5yU5YxqKO3fIEAuoeKdtdc3u6G0E+qsmcEHVOZPJaB0tjk+maErNE4G2ANyoPDmFLxCAAAQgAAEIpEfAgnGPv909OuWmntFWp/buttxRfV7Wi8u/JDtI5k7Pkuo0yaZZJGcr91nVHZHrXJmZLjTXtYBzmSagRl6blNd7PZrOGC6pHSN0zyMI1xmhDG5Xfe4usx+U2DpTJAhAoHMC/+18Vyp7FpKWIk91Hhvk0v+xI2MrsL6CntP//KfrO5SjKhEQV71RRt7BlDYTz9X5ZtM7k8InYOsHfuls5i91vqzubAPqAyfQFoAbGbidmAcBCEAAAhCAQHYILCVTbX0Gm5f9cz2QPi05TbKrZKCXG9JtgTdrJH9TcrCXHYHppRNWYBWCOdkkoIaj22X5FYFa3xaEc7v/Bsolc2bpf1g3yV9k+OWSvplzAIMhkD6BYVI5OX21M2g8Stct998ZkNT14286yvu+R+e9uqqu6oPOVc4pVedOLqMF38wWUuAESp3grnY2s4f0X6T7fB9nO1AfMIG2ABxTUAZcSZgGAQhAAAIQyDCBbrJ9DckRkqskI/VwOlpyg+QEyS6S5SQ9tS/2pHLnlthIvPNV+IeSf0sGxK4omwV+oZeWcdk0HashECSBX8mqL4K0LIosCPeI7oUrBWofZnVBQHVnax9Zx5bfdZGV3RCAQImAnnNsqu1rnIH0l/5/OduQafW6/20pB3Z3dmKC9FvnB1JCBHS92jrilyZUfK3F7qjzjg6btVLzyW/v995pZRlwkrcR6A+XQFtjVwjz7IZLCcsgAAEIQAACEIiTwIIqbLuStJU7RS857+nHOyWx0fkfSazhxGSMZLLEpnqbKrGeZhbcm6P0aetBWGDNplmzXsaLS1aVLCNp63Ckr6R2BN5q952vEIBAgwTUcPSJ7mOHq5iLGywqqcNtTbgHZeO2svXhpJRQbvwEVGf2/2y4ZKn4S6dECOSegE07vpezl9vpOt5R914LopNqICBuFsC0OvROF6n+vvY2ogD6/ykf9w/EzzN0/j2pemfa0UAqpJwZqp9nVU8Pat+G5fanuO1XsuNu2XNbijpRlREC0xqkeu02erzs9Z4zNSPIMBMCEIAABCAAgQQI9FaZFizbSnKI5K+SSyT2APukxAJzNoJtnMR6oNrnWMm7EttneW6U2NQwv5XsJllOQvBNEDpJr3Wync0QgECdBPTSbfct79EWlayfUzvvUgPBTpUysS8cAqqrn8iaxyQE38KpFizJEAHdlx+Rufac6J1YV6q+GvibDluivkNjO6pVJf1fbKVRUKcEdL2+pJ02rXcIyd5Ph+v/8LwhGIMNFQmcUXFvOjutc/BlOl+sIzAJAjMQaN8o9d4Me/gBAQhAAAIQgAAEIJBnAs/m2Tl8g4AjgZ9J90eO+rtS3U8ZrlUDwXESaywgBUhAdTO75GKZ9l9J3wBNxCQIZImABXG8k60rZVOik6okoHvgUGU9tMrsSWYbrsAQM0ckSXjGsk+Z8afrr0HS/j+dixaMI8VMQFxtdoY40g0qZGQcBTVYxlw6/nr5NWuD5XB4zgi0D8C9nTPfcAcCEIAABCAAAQhAoHMCT3W+iz0QgEC9BNRIZ1Pm/rje41M87k/SdR2NBCkSr1KV6mQjZX1esneVh5ANAhCoTOA67Q4hgPIDXd82VTGpCwLitJCyXNRFtrR228wcpJQI6Dnqfqm6IyV11ahZX5nO0znZrZrM5KmOgHguopxW1w0nnTPNKsSmLw0hrSojrpF/tmQGCQLTCLQPwIXwMEK1QAACEIAABCAAAQgkT6BFKhgBlzxnNBSUgBoC7pTr/8qA+zvIxifVSGCNBSRnAqqHPhIbqTNCMkhCggAEYiCge7I995waQ1FxFPF3XefrxVFQXssQn17y7WrJAgH4aGs6sQZY+hVxXPoqK2q0DjGnV8zBzqoJ6Bq34NsIyZJVH9R1xv8oy8ddZ0slx1bSYtMOE7RNBfd3SsQ8yClj2wfg3vzOXL5BAAIQgAAEIAABCOSYwNNqTGD93xxXMK4FQeA3suKZICypbMRy2v24XlgPp6GgMqgk94q9NchbI6+dNzTYJAmbsotKYJgcHxWA8xZcsnWlFg3AllBNsPXWbNRRCOm4EIwomg16T3lMPt8amN/2nPTnwGzKnDliuJKMtvqNM/gW6ZyZpDJDGq16gOw5S/7yTCcQaSSx3ld6/peGrlp1tA/AMQVlrfTIDwEIQAACEIAABLJJ4J5smo3VEMgOATUETJa1u0omZMDqPrLRFrC/SS+vAzJgb25MFO85JefIoYckK+bGMRyBQGAEdE+eIpNs6t0Qkt1nb9a1P3sIxoRkg5j8WvYcHIhNt+q8eTgQW4poxjFyempgjh+rc/SUwGzKjDliN0TG2jUV19pvHX0/Vxs+7rjR8bfdy2zUM0G4BCtBfGeRDJMKkyDX32sfgGMKStUSCQIQgAAEIAABCBSAwN0F8BEXIeBOQA131slxb3dDqjdgG2V9VS+xB9BYUD20enIaX8keOvY1yUESGmfqAckxEKiNwCXK/kZthySWexWV/D/dB6wDBEkExGJPfdg0vCGkVhlxbAiGFNUGPUO9IN//G6D/R+tcPUPC/+0aKke8bETYnZLEOh7onLFRcMfXYFYaWY+Qkgvkf480lBVNh7h+Tz7bjCM2+i3Y1D4AN0pWWo8gEgQgAAEIQAACEIBAfgmMk2sP5Nc9PINAWATUGHCjLDoxLKsqWjOH9p4nuUcvtUtXzMnOugiI63o68FHJZZIQ1jiqyw8OgkDWCOh+3Cyb/xiQ3ZvIlmt0T+gdkE0upojBjlJ8sSSUoMZVOl9YL9nlbJhBqV2v42fYEsaPw2WGXbv9wjAnXCvs/iY5Sxbas2WvFCw1Pa+koKcWFfsp8w3iEOTorFocCSWvWPaU2P3BnqeXCcWuzuyYHoDrtdtoW5T29c4ysh0CEIAABCAAAQhAIBcEblSDQlMuPMEJCGSHgE17dnN2zJ1mqTUMv6yX21Mlc2bM9iDNFcelJFfJuIclawdpJEZBIP8ErpaLjwTk5g9ki60J1z8gm1I1Rb7vIoV2b5zeRpmqATMr+0abbPpDkjMBvbN8JhOOczajM/U7a8e9On8X7CxD0beLzWJiMELys7RYlDpa2Hq6oSWbZeJRMRkUmmFZs0cMV5PNj0mOl2RiZGHHf26hRYizdg5gLwQgAAEIQAACEAidwLWhG4h9EMgbATUGWGfH3SU2nVKWkvVUtvV43tTL7s8kPbNkfCi2ipsF3obJHptu0tYFJEEAAk4EdD+2qQV/LrHPUJIF4W7VfcJGIBcqyeefyuErJWmMjKmW7V91nrxXbWbyJU7gTGl4LnEt9SlYR4c9q/N4w/oOz+9RYvIjefe8ZN20vdT1e6t03pW23ir0raQ8T4vN96vIS5YOBMStr+RkbX5KMrjD7qB/EoALunowDgIQgAAEIAABCMRK4BOVdnusJVIYBCBQFQE1BnyljNtJ7DrMWppXBp8leU0vvvtJCMRVUYPitLRkmHGT7CvJRC9d2UmCQK4J6H5s68XYNGUhpY1lzEO6ZyweklFJ2SI/u0tOUfnnSjq2TSaltppyRyrTX6vJSJ50COh6taljD5BMTUdjzVoW1BH36Xw+RlL4//NiMJ/kCjEx8exUcKj0T5aEluaWQbeI0WmSPqEZF6o9YrWDbHtV8ltJ5q6zjv/kXgoVNHZBAAIQgAAEIAABCDRM4AK9xDL9ZMMYKQAC9RHQ9WcNe9br1YJxWUxLyugLJW/rRfhgSd8sOpG0zeKyqcTW/ntdQuAtaeCUD4H6CByrw8bWd2hiR9noiCd1/9gkMQ0BFCz/rFH+BsnRAZjT0YRf6X/1pI4b+e1LQHViQfPTfK2oqN0CAidJHtD5vUTFnDndKb+7SeyZxzod/cjbTZ0zb8qGkNdgPkL22Wi4tbxZhaxffFaU3C4br5cMCtnWSrZ1DMC9Uikz+yAAAQhAAAIQgAAEMkugVZaH1ts7szAxHAL1Eig1Iv1Qx2c5GD5Q9p8tGaWX4pMki9TLIy/HicEckoMkNs3oPRKbUq5bXvzDDwjkjYDuxZ/Kp18F6Nc8sulu3Uv+LMndaGP5ZNPR2XSC2wbIfrjOC2vkJYVJ4DiZZUGVkNN6Mu4lnee/lYQ0rWqizOSrBZEelgyT2AivUNLfZEjIsY4VZZ+tC3e6xHO0YCj1Nd0O8RgosU5/9lw9dPqOjH7pGIB7S35k+UUwo9WA2RCAAAQgAAEIQCBxAtao8E7iWlAAAQh0SUDX4h3KtJ/E1obLcrKpKY+RvKeX5OGSbSRFanCyKdQ2l1wqBh9LzpGsLCFBAAIZIKB78cUy87YATbW2OhuhZ6Nplg/QvppNkh99JMfrwAclg2ouIPkDbDTkIcmrQUO9BHS92sjEPSSht1v3k40nS57TOZ/5wIH86DTJP1vj1p6BHpdYcD2opHNmigw6QBLq9KXGy+73v5DYessHSnLX8cKcrDbJfwu8nan8b0j2k3SMXWlT9tIMTvTabXSzXLChoiQIQAACEIAABCAAgXwRsBdBEgQgEAgBNQpcLlMOC8ScRs3ooQJ2ltws+VAvzmdI1pLkbgSYfOop2UxijQMfSO6S7ClhOk5BIEEggwQOls1fBmr3tNFiut/8SWKN+plMsn0jGW6j3v4osf8XIabD9X/5sxANw6bvCKiOntIvC05nIa0gI2/X+W8jWtfIgsHV2ih/lpEMU36LIdgzULBJ58xjMu4vwRr4nWHz6et/JC+L7Y8kM8RsvsuWz2/y16aaHCbvbHCYrd/XR5KbVK4y7Z8iCQIQgAAEIAABCEAgPwRu18vHs/lxB08gkA8Cui5tGkcbQZanZA0Ih0usN7RNUXmOxEbGZbnxeIDs30tykXyyaevulljjwAAJCQIQyDAB3Yffl/l2zwo19ZZhx0leK92HMtOxQfYuLblWtt8vWU4SarpG58FloRqHXTMR+Lu23DvT1nA3bCbTbK0vC8ZtGK6ZlS2T7bbGm436v0k5LfCWpTVu/yx7n6jsYTB7l5ElV0heEeufSjL7/NwVUflmndp2lNynvC9J7Jzq1dVxWdxfblijBeD2zqIz2AwBCEAAAhCAAAQgMBOBVm05eqatbIAABIIgoEa/U/TiabbkcZTqwvLroJJMkp+P6PsDJXlMvn+j78El2bm0jFpTsp5kU4n1YidBAAI5JaB70TBd91vKvd0DdnGgbLtEcrRsPUmfFjSyWayCS7LP7plHSfaShDrirY3be/ry07YffIZPQOd9i84xG3X1tGSh8C2ebuFQfRsq283usyRXypeJ0/cG+kX2LiLT7FreT7KsJHPJ7pWlc8ZiHrNkxAFjfa7kRNk+TJ/ny4/X9Zn5JH9WkxP7SPaQLJB5h6pwoFwA7pkqjiMLBCAAAQhAAAIQgEA2CFyoh3VbvJgEAQgESkDXqAXhLFh+SqAmxmGW9eDdrCRWXpN8fl6fJtYgYp8vicU4faaSpH9OKbJRGSbWYLyKZC3JXBISBCBQLAIHy921JUsE7vZKsu9yyV90DztHn8N03/zU22bZ0l02bC0xjttIsjBSz9aF2kP8vtAnKUMEVGcf65yzqa+tU0/WRswMls3nS/4pH4br8wrJffLJzscgkuyygP/2kh0lQyRZuJ5lZudJfN+SX/spxzWd5wpyj80s8RsT2f+wPq+SXCt/PtJnJpLstvPHOrbtJLFzKpOBXNlddyoXgGN6orpxciAEIAABCEAAAhAIisAEWXNsUBZhDAQgUJaAXqT/qhdUu2atV3QRkjWY2cu4yfQkBhaAe7ck7+jTGpY/k3wuGVOSJn2afC1pn3rrR3+JvehbEM0CbG2f1oCxqMRG5ZlY49L8EhIEIACBSPfgCbr/2Ai4ByV2Lwk9LS4D/yqx0RE36/Nqyc3y4yt9ppKk1+61FrTcRbKrxEbKZCn9TrwezZLB2PodAdXdYzoHD9MWGyWUxTS7jN6/JGPky636fovkXvlmzz2pJemeQ8o2lGxaklVTU56iInEdLl//LpW/TlFtnKrWV2Emttby4/q8TWLnzbPyLZgAruyJZN8S+hgisc53m0sK/cw9UwCu126jxzddNcBeeOyfOQkCEIAABCAAAQhAILsEjtLD+Ojsmo/lECgWAV2vZ+uF1YJK50tmelcrCA0LmJmsURB/cRMCEAiEgO7BT+gefIjMOS8Qk6oxwzoz7FiSybL/EX2/S3Kf5Hn5NEmfsaVSo6pNz7uFxBpVszQFYHsONork1PYb+J49Ajq//6NzcjVZ/rPsWT+DxfPo194lseCFTTX4kMRmqXvBRL5aJ62GksrtrgKsA9LyEhv9b89a35MsI7GAehHSb+Wk+W3Bxqwmq6t1SnK8Pq0DiXUmaDtnLCCXShtA6ZxaUrpXlKwksU4ZJvNJSCUCnb3U2Sg4AnCcJhCAAAQgAAEIQCC7BB6Q6f/JrvlYDoFiEtAL88V6mbWRXtdI+hWTAl5DAAIQ8CGge/D5ugdbg76NrMla6iODNymJ2W7rHr2oT5O3SjJKn5+X5Ev5O1nfpyXltUZdGwljI3MWlNiIBWtYXUqyrMRGLFsHiayn5+XA/vLdpn4mZZ/Az+WCjWzfLvuuTPfArjeTA9q2lJ4NbcDMSIldw22zArTou3XeapLMIrGgvIldq20zAdjoVBMLmGdhhK/MTCbpup8qlruqdOusYIHHPCS7Zw8tyTR/SueLBXLflLwtGS35UGIzS4yTjDcRj2Z9zpDa/S+YTTtmlVj580oGSCywZtfbEpJBksUlfSWkCgQ6C8A9pWN2qnAcuyAAAQhAAAIQgAAEwiVgD9T70bAQbgVhGQQqEdC1e4tefocoz80SepBWgsU+CEAAAvETOEJFriQZEn/RqZZobX6rl6SsYv2vKbs9xxs/k2/b6//sxBz7WCjXVJcWUNldTt8jsVFBeU02Ss7EAuGkBgjonLEpP7dWEY9J8vqcbeeKjVY26TQV8H9ApyyS3NG9k8If7WQ7myEAAQhAAAIQgAAEwifwE71YWA9JEgQgkFECuoafkOk2hYv1XiVBAAIQgEBKBHT/tZEkO0heSkklatIhYKOEvq/6tRFEpBwRUJ1aQNVGwNloHxIEuiSgc+YdZfq+JNZpertUTIZCEugsAGcj4GwIKwkCEIAABCAAAQhAIFsE/q0XiuHZMhlrIQCBcgR0LVsg3YJwt5XbzzYIQAACEEiGgO6/NpuAjZCwKRtJ2SdgQdWdVa/W3knKIQHVrY1u3FRi0+2RINAlgdL9YEdltPsDCQKJESgbgOu12+ivpJGePolhp2AIQAACEIAABCCQCAGbeuWXiZRMoRCAgAuBUiPwD6T87y4GoBQCEIBAQQno/vuBXLd1dT4vKII8uW1rvt2RJ4fwZWYCpWt2iPYQhJsZD1vKECjdF36oXQThyvBhUzwEygbgSkXbPKgkCEAAAhCAAAQgAIFsEHhDZu6il4iZFlLOhvlYCQEIdEZA1/VUyW+0fxeJdZYkQQACEIBACgR0731VamxUDUG4FHgnpOIQ1eOlCZVNsYERUF1b4HyIhCBcYHUTqjk6Z26UbQThQq2gHNhVKQD3eA78wwUIQAACEIAABCBQBAIfyskt9PIwrgjO4iMEikpA1/hw+f49yYtFZYDfnRJ4odM97IAABBoioHuv3XMJwjVE0e1gC76d7aYdxS4EVOcWhNtQwv9GlxrInlKdMxaE21kyKXvWY3HoBCoF4B4N3XjsgwAEIAABCEAAAhCY1iN7iF4a3ocFBCCQfwK61l+Tl2tJzsm/t3hYBQFbu/13kl9UkZcsEIBAnQR07yUIVyc7p8Ps3niQ6o3gm1MFeKtV3Y+WDRtJHvS2Bf3ZIKBz5iZZuqVkQjYsxsqsEKgUgLMXO4bYZ6UmsRMCEIAABCAAgSISsJFvm+hl4a0iOo/PECgqAV3z30h+Jv+3lXxSVA74HY0Xg+10LpwsaYUHBCCQLAFdZxaEs1E1dHpKFnWjpX+jAmxa9v80WhDHZ5uAzgH7P7mV5Npse4L1aRHQOfOQdG0gsQAuCQKxEOg0ANdrt9H2AH9/LFooBAIQgAAEIAABCEAgbgK2roGNfHsp7oIpDwIQyAYBXf+3yNIVJVdkw2KsjJHAUyprcOkciLFYioIABCoR0DVnndXXlTC1XSVQfvu+kGqblv06PxPQHBIBnQsTZY+tofvnkOzClnAJ6JyxzhY228TT4VqJZVki0GkAruQEw3SzVJvYCgEIQAACEIBAUQjYy8BGejlg5FtRahw/IdAJAd0Hxkj20O5dJcxg0gmnnG3+h/xZX/VuHTFIEIBAygR07X0klTa13V0pq0ZdZQLvavcGqh8bwUKCwHQCOidaJX/UBntWYo2v6WT40hkBnS9t6wjSya0zSGyvmkBXAThGwFWNkowQgAAEIACB9AicsltTNP/szDaVHvGgNF0tayz4Zo0/JAhAAALTCOiecI2+rCC5CCS5JWD3/e+rro+UTMmtlzgGgQwQ0DVoU9ttLfl7BswtgokWDF1T9fJyEZzFx/oI6PywZ6V1JK/XVwJHFYmAzhcL1u4pOUoytUi+42u8BLoKwNmQ+nHxqqQ0CEAAAhCAAAQaJbDZii3Rrb+eEu26Ns+BjbLM0PFW2cdIfqSXgYkZshtTIQCBlAjo3vCZZD+p21DC9GgpcU9JjQVWV1T93paSPtRAAAJdEND1OFXyG2WzBlpG1XTBK8HdNip4a9XF2AR1UHROCOg8seejNSUX58Ql3EiQgM4XGz15qlTYs/V7Caqi6MYJtKiISxovJv4SKgbgtA6cGf5I/GopEQIQgAAEIACBRgnM2jeKTti5Obri0KZo5UUZDdcoz8CP/1D22Xpvp9hLQOC2Yh4EIOBMQPcJm35rsOQXkgnO5qC+MQLv6/BtVaf7SWxtIxIEIBAYAV2bl8uktSS2bhApPQJjpGoH8bdRwfRKTI975jXpfPlKsq8c2UfyZeYdyq4Dv8+K6TpfHpWtq0lsFCUpPAKfyKTNVU+nhWdaFFUMwJUMvidEw7EJAhCAAAQgAIFvCay+WEt09WFTor/+qDlaYA5iMzk8L6xRZ1U9TLKeRQ4rF5cgkBQB3TOaJf+n8peW2GdTUrooNxECk1XqSZLlVY+3JKKBQiEAgdgI6Dp9SYVZEO7M2AqloEoE7tVOez6+oVIm9kGgEgGdPzZaxqbvvrVSPvbFTsBGDO8s/vack5kke8dLdpXBu0tYdzmcmrPrdzXVzX3hmDSjJdUE4O6c8RB+QQACEIAABCAQGoFu3aJo+zWmRnccNSU65gfN0Zz9CcSFVkd12GO9uHbUg+SeEuvhS4IABCBQMwHdPz6V2Ei4ZSTW0MQ/iJoppn7AzdJo003+XjIxde0ohAAE6iKg6/Ubyc918DaSUXUVwkFdEbCG+yMlW4i1zRBBgkBDBHQefSCxa/bHEkaaN0SzqoNfU661xfy6qnIHmEm2XymzlpdYR1mSHwEbvXqgXb+Sj/3M6FpzlwE4TUNpC5iO7roockAAAhCAAAQg4E2gb68o2nfDqdG9v5sSHbE1gTjv+qhTv02h8y/JsnqQ/F+dZXAYBCAAgRkI6H7ynsSmWlpVwoiBGegE8+MxWbKx6ukHkreDsQpDIACBmgjo+rXe+CtK7HmOTg810auY2QYIWOeEf0hsyRwSBGIjoHNqmApbVnKehOtWEBJIF6jMNcX6xQTKTrVI+fC5kBKrwAAAQABJREFUxNb/HCqxoCIpXQLWTrKS6sCu1+BTlwG4kgd3Be8JBkIAAhCAAAQgMJ1A/95R9NNNpkYjfj8lOn6n5mjQfLxDTIcT9hebTmewHiQPl4wP21SsgwAEskhA95YXJTvI9pUkNiKuOYt+5Mxma4jaSfWyruSBnPmGOxAoJAFdy19KDpfz60meLSSE+Jy2QQH7iOdQybvxFUtJEJiRgM4vmzXgQG1dS2KdYkjxELARwda56ADJ1/EUGUYp8sc6BqwssdkmxoVhVa6teEfe2drINlPQ+1nxtNoAHNNQZqVGsRMCEIAABCDQjoCNiNttnanRrb+eEp3z46Zo3aXoLNoOT0hfn5YxNpXOZpLnQzIMWyAAgXwS0L3mZck+8m5JyRmSXDWIZKTWHped20tsHaPrM2IzZkIAAjUQ0LVtjfhrSmx6u49qOJSsUfSNIJwoWUYcrcMICQKpEND59pQUWfB8V8mrqSjNp5K2mV1spJJNr53LJN/a1l1eSg7+VcIzdfw1bUtyHCHJ5NrIPavkcXeV+cgGAQhAAAIQgECABLprjbghy7dMk/fHdIuGP9EjuvbJ7tGYr7SD5EnAGmVOltykB3eGKXrWBLohUFACuvdY79FfLrnYoBP0aQG5gyU2BRMpGQJ2r79JcobY35uMCkqFAARCIqBr3XrADdN99mp9/lpijYhzSEjlCVij/aWSY8Xug/JZ2AqBZAno3LP/19four1Wn/Z8dKzEOi2RqiNwu7L9WhxtaatCJPk6Vo7+VufM3/X5e4k9U/eVkOonYLMCnS6xqYcn1F+M75FVjYDTOnCfyEx6Y/vWFdohAAEIQAACsRAYOE/rtPXh7tf0lGfu2xRtvWpL1KfaLjmxWFD4QtoaXzfRQ6RNN3ajhOBb4U8LAEDAl4DuQ2Ml9oJri8pvIrlCMkVCioeANcqcKllSnLeXEHyLhyulQCAzBHTdT5RYZ4dBkj9IrEc/6TsCTfr6H8ly4rSfhODbd2z45kRA52GLZJjULyexNb+ekZA6J3C/dtl77taSwgTf2uOQ37Y+3K+0bZDE7vmfSUi1EfhY2X8rGSiWx0kyG3wzt2tpbrNeeqvaQSQIQAACEIAABLJPoGePKNp8xZZpMlFNrHe91CO69bnu0SNvdo+arN8pKW4C1shyvuQcPUC+G3fhlAcBCEAgDgK6P1mHgBEm6sE7rz53l9gUTBtISLURsP+md0guklhnC5tOjQQBCBScgO4FXwjBibrHWqeHgySHSJaQFDXZCIcLJf8Um/eLCgG/wyagc9PWzL3cRNfuZvq0AMvWku4S0rfPO6eI0whgfEtALGxA0590vtiMN3tIfilZWULqnMDj2nWW5Grxy81zcy0BOJur1YbbkiAAAQhAAAIQyBmB/r21CM0aU6eJBeMefL17dLcCcve/1j2aMClnzqbrjmhGt0gutk89RFrPXhIEIACBTBDQPetzGfovEzUeDNTnLhILyA2WkMoTsADmY5JrJFeIofXgJUEAAhCYiYDuD19p42m6v/5Tn9tIDpUMlRQl2eiYMyWXiMXXRXEaP7NPQOfrPfLiHl27i+pz/5LYc1LRko1KsvfcM8Xk9aI5X62/YmOBpAtMdM6sqc/9JBaQm0tCiiJ737Apms8Tq2fzCKSWANyTAvCpZP48gsAnCEAAAhCAAAS+JWDBuKErt0yTqS1R9MKo7tHDb3TTmnE93hn9RbfFlEtj50gVCNgD9t0Sa3y9WQ+RNu0YCQIQgECmCehe9r4cOM1EjQeL69Mai7eSbCrpJylyss4WIyTXS2yk20f6JEEAAhCoioDuGXrinrY25E26v9qztk1zt5dkeUne0mdyyKY4vkx+P5E35/CnWAR0Do+Sx8fruv2zPreQ2IwBO0ryHFix+5W969ro/uvFgO66AlFtEq+nlPcpnTNH6nM7yc4Se6aeVVKkNF7OWkflyyV3ikuuOypXHYDTOnAtTVcNuFVQ9pMULs07W2u0w2CbQaSYafDi1pGTBIEZCayzZEs0W99inhsD503H7yLfd3pX/R9qxvOSX/ES6NE9ilZfrEUSRYdtMXXT5Y7qM04aNizJBvq0Hlx9JEVPIwXg9pLcrQdI69FMiofAjSrmuXiKylQp1hOQBIEgCege964Ms1ELZ6oBoa8+N5ZsLdlEspJE/z1yn16Uh9YAdZfkfjGZmHuPv3PwFX21hre0E+vuxE/8XhVp0yGmnfgf1wlx3UvsmfIkE91f19CnNc5uK1lFktVknRKsodU6Kdhzcq4bWmOupIdiLq/a4or47F0tm5ny6Zy2oJRNOX2HrtuD9bmZxK5dG9Fqo+SynibLgXsk10mso5EF0kkNEBBDY3qNic4Za0/ZUrK9xM6ZRSR5TDZK0q6TmyT27FyY/wXdaqlNBeDs5jG8lmPICwEIQAACEIBALgi8oM44q3b0pNTwOljb15bYp8kykpqeMZQ/a8kanx+Q2EvxCD08vpU1B7AXAhCAQBIE9H9hNpW7rmR9yXql77PoM8vJgms2UuNRySOSx3TfJ4AgECQIQCAdArq3qjvctECcjbKx++u86WiuS4s1LNs6PvdJbpI8o3tmqz5JECgcAV27K8hpC6pYgMWej+aQhJ4soPiCxDpp3Cl5UNdwkToayWW/pHNmWWnfvCT2LD2/nzV1a7Z7/qsSe3a+X3KvzqEP9VnIVFPjmAJw9jJlLxq9C0kLpyEAAQhAAALFJXCSAnC/r8b9UuOr9dK1l42VJLbQsH1fQJK1ZA+O70lelDxdkif18PipvpMgAAEIQKALAvqfYKPhlpTY/wL732CfJrYttJFyNuXJSMlLEmt4snu/fb6p+77tI0EAAhBwJ6D7qrXl2fSUG0nWkVgnOXvW9mqre0e67V75lMQaWp/SPdOmZCdBAALtCJSeiZbTJptJxjqwri6x3/0knultKbdRj89KLHhuHY2Y0UUgQkg6bwbJDjtfviexDs92/w+pbcU6Xbwqsf8DJs9LntA5NEGfJBGwf9o1JQXhrPfKtjUdRGYIQAACEIAABLJOYE0F4CwAVXfSg+NsOtgaXE2WKH0O1OdCJZlPnx6pWUo/lrwnsQaENnlZ31/TgyO9/QSCBAEIQCBOAvqf0EflLSYZ1EEW1W8b2TG3ZB5JD0kcyTpU2JRJdr8fXfq07yMlNorZ7v0jdc+3/wkkCEAAApkioHtqLxlsDfnW+c2esxcvfdp9dkFJf0m9ye6LYyR2v7R75bulz9f0+QKNrKJAgkCdBHTt2nOOXbN27S4tGSSx69ZkEUkcI+ZsqmF75nlf8kHp83V9mlgnI4JtApGlpPPGnpMtEGdi58pAiZ0v9hxt7StxzT5hHdDs/j9WMkpio9g+krwneUtiwdsPdA616JPUCYFunWzvdLMCcAdo53mdZmAHBCAAAQhAAAJ5I/C+gm/2UJdoKjXGWk8um2LBGl1N2hpg7QHSGg5mlcwu6S6xhoZyD5at2m6L+lqyz0kS64VrD43t5RP9tofHT/XAaMeQIAABCEAgMAL632ANTxaQs04cJtZQ1VNi/w8sWSDPet62pS/1xRoLrPOE9bydJjQuiQQJAhAoLAHdS/vKeXu2tvvpXCUQc5Y+299H7d45RWLPz9bo+pnun23P1fpJggAE0iSga9eeeeyduE1spKs9A9l2eyfuJ/laYqntPdh+m9i77+e6hpv1SSoQAZ031lZi93oTO3fsPm9i54sla1tp39G47dyxe7+JPT+P1bljn6QGCdQTgLNKswYru9BJEIAABCAAAQjkn8A/FIA7Mv9u4iEEIAABCEAAAhCAAAQgAAEIQAACEIAABOIhYJHympIa4Cx6fn9NB5EZAhCAAAQgAIEsExieZeOxHQIQgAAEIAABCEAAAhCAAAQgAAEIQAACaROoOQBXMpCGuLRrCn0QgAAEIAABHwKjpfZxH9VohQAEIAABCEAAAhCAAAQgAAEIQAACEIBANgnUG4C7Tu6yVko26xyrIQABCEAAArUQuFaj31lQtxZi5IUABCAAAQhAAAIQgAAEIAABCEAAAhAoPIG6AnBqiPtU5O4rPD0AQAACEIAABPJP4Kr8u4iHEIAABCAAAQhAAAIQgAAEIAABCEAAAhCIl0BdAbiSCVfEawqlQQACEIAABCAQGIFRsufhwGzCHAhAAAIQgAAEIAABCEAAAhCAAAQgAAEIBE+gkQCcrQM3JXgPMRACEIAABCAAgXoJXK5R70w5XS89joMABCAAAQhAAAIQgAAEIAABCEAAAhAoLIG6A3BqkPtC1G4tLDkchwAEIAABCOSfwOX5dxEPIQABCEAAAhCAAAQgAAEIQAACEIAABCAQP4G6A3AlU2iYi79OKBECEIAABCAQAoGX1dnmhRAMwQYIQAACEIAABCAAAQhAAAIQgAAEIAABCGSNQKMBuJvl8ISsOY29EIAABCAAAQh0SeCyLnOQAQIQgAAEIAABCEAAAhCAAAQgAAEIQAACEChLoKEAnHrGT1Kp15YtmY0QgAAEIAABCGSVgK37RgAuq7WH3RCAAAQgAAEIQAACEIAABCAAAQhAAALuBBoKwJWsv8DdCwyAAAQgAAEIQCBOAveqk837cRZIWRCAAAQgAAEIQAACEIAABCAAAQhAAAIQKBKBOAJwDwvYm0WChq8QgAAEIACBnBOgc03OKxj3IAABCEAAAhCAAAQgAAEIQAACEIAABJIl0HAATj3kbZqqC5M1k9IhAAEIQAACEEiJwHjpuS4lXaiBAAQgAAEIQAACEIAABCAAAQhAAAIQgEAuCTQcgCtRuVifLbkkhFMQgAAEIACBYhG4Qp1rvimWy3gLAQhAAAIQgAAEIAABCEAAAhCAAAQgAIF4CcQSgFND3Ycy6854TaM0CEAAAhCAAAQcCDD9pAN0VEIAAhCAAAQgAAEIQAACEIAABCAAAQjki0AsAbgSkvPyhQZvIAABCEAAAoUj8KI61TxZOK9xGAIQgAAEIAABCEAAAhCAAAQgAAEIQAACMROIMwB3o2wbHbN9FAcBCEAAAhCAQHoEzklPFZogAAEIQAACEIAABCAAAQhAAAIQgAAEIJBfArEF4NRjvkmYGAWX33MFzyAAAQhAIN8EvpJ7l+bbRbyDAAQgAAEIQAACEIAABCAAAQhAAAIQgEA6BGILwJXM/a8+W9IxHS0QgAAEIAABCMRI4HJ1ppkQY3kUBQEIQAACEIAABCAAAQhAAAIQgAAEIACBwhKINQCnhrtRInlTYWniOAQgAAEIQCC7BM7OrulYDgEIQAACEIAABCAAAQhAAAIQgAAEIACBsAjEGoArucb6MWHVMdZAAAIQgAAEuiLwmDrRPNdVJvZDAAIQgAAEIAABCEAAAhCAAAQgAAEIQAAC1RFIIgB3p1S/XZ16ckEAAhCAAAQgEACBswKwARMgAAEIQAACEIAABCAAAQhAAAIQgAAEIJAbArEH4NSD3taA+7/cEMIRCEAAAhCAQL4JfCz3rsq3i3gHAQhAAAIQgAAEIAABCEAAAhCAAAQgAIF0CcQegCuZf6E+J6TrCtogAAEIQAACEKiDwFnqPDOljuM4BAIQgAAEIAABCEAAAhCAAAQgAAEIQAACEOiEQCIBODXkfSl953eik80QgAAEIAABCIRBYLLMYO3WMOoCKyAAAQhAAAIQgAAEIAABCEAAAhCAAARyRCCRAFyJz7/0adNRkiAAAQhAAAIQCJPAZeo081mYpmEVBCAAAQhAAAIQgAAEIAABCEAAAhCAAASySyCxAJwa9N4VlhuyiwbLIQABCEAAArkncHruPcRBCEAAAhCAAAQgAAEIQAACEIAABCAAAQg4EEgsAFfy5R8OPqESAhCAAAQgAIGuCdytzjIvdp2NHBCAAAQgAAEIQAACEIAABCAAAQhAAAIQgECtBBINwKlh7yEZ9EitRpEfAhCAAAQgAIHECfw1cQ0ogAAEIAABCEAAAhCAAAQgAAEIQAACEIBAQQkkGoArMT2loGxxGwIQgAAEIBAqgafVSebuUI3DLghAAAIQgAAEIAABCEAAAhCAAAQgAAEIZJ1AGgG4mwXp5ayDwn4IQAACEIBAjgjQOSZHlYkrEIAABCAAAQhAAAIQgAAEIAABCEAAAuERSDwApx72rXKbaa7Cq3ssggAEIACBYhJ4U25fV0zX8RoCEIAABCAAAQhAAAIQgAAEIAABCEAAAukQSDwAV3LjCn2OSscltEAAAhCAAAQgUIHAqeoc01JhP7sgAAEIQAACEIAABCAAAQhAAAIQgAAEIACBBgmkEoBTQ1+z7Pxbg7ZyOAQgAAEIQAACjRGwzjAXNVYER0MAAhCAAAQgAAEIQAACEIAABCAAAQhAAAJdEUglAFcy4nx9ftyVQeyHAAQgAAEIQCAxAiepU8yUxEqnYAhAAAIQgAAEIAABCEAAAhCAAAQgAAEIQGAagdQCcGrwmySNrAXHiQcBCEAAAhDwIWCdYBj95sMerRCAAAQgAAEIQAACEIAABCAAAQhAAAIFI5BaAK7E9Vx9MgquYCcZ7kIAAhCAQBAE/lrqDBOEMRgBAQhAAAIQgAAEIAABCEAAAhCAAAQgAIE8E0g1AMcouDyfSvgGAQhAAAIBE7DOL9YJhgQBCEAAAhCAAAQgAAEIQAACEIAABCAAAQikQCDVAFzJH0bBpVCxqIAABCAAAQi0I8Dot3Yw+AoBCEAAAhCAAAQgAAEIQAACEIAABCAAgaQJpB6AK42COylpxygfAhCAAAQgAIFpBEbpL6PfOBkgAAEIQAACEIAABCAAAQhAAAIQgAAEIJAigdQDcCXfrCHwvRT9RBUEIAABCECgqAROYO23olY9fkMAAhCAAAQgAAEIQAACEIAABCAAAQh4EXAJwKkhcIoc/pOX0+iFAAQgAAEIFITAG/JzWEF8xU0IQAACEIAABCAAAQhAAAIQgAAEIAABCARDoJuXJU1XDbDg34uSFbxsQC8EIAABCEAg5wR2U6eXq+P0Uf+/51B5G0iWkMwjmUXSS2LpS8lUyTeSr0u/x5e+f6XPCe22TZBtLfpNggAEIAABCEAAAhCAAAQgAAEIQAACEIBA7gi4BeCMpBrxdtDH9bmjikMQgAAEIAABfwLPyoTBCnK1xmWK/m+fp7L2lfSMqcyJKqctKGfBO5MvSp/tt1swz7ZbYG+SxIJ6dqx9t2Ns/yT5akE+EgQgAAEIQAACEIAABCAAAQhAAAIQgAAE3Am4BuDMezXmPaqPddxJYAAEIAABCEAgXwS2UkDqjjhd0v/sVVXesZJtJX3jLDvGsixIN1liwTn7tECdTX1tQbomiQXpmiVto/XaPi2P5bVkwT5LbcfaqD7LZ6ktf5sOC3BaQNBSW/5mgoHfAuEvBCAAAQhAAAIQgAAEIFBcAnqH7CPv+3VCwDp2ztrJvvabe+tH//YbOvlu76jVvKeaPWZXtcnaz20mmNDSnDLIOq7WM7OMvRPX24G17b23Hh5t7+n1HFvNMdXWrc3MN3snBXZWRqXzoLNjTIXVU7lU6Xy1862WuE2lssrpbr+trf2j/bbOvre1p9j+9m0h9rutTaV9+0lb2daOYudc2wxJdg5ZG439ts7U1o6T21RLRSYCQTfiDVTwg4kUTqEQgAAEIACBYhK4Sw8wWybluv5320vSkJJsqM/Bkh4S0swE7EHTXojKBezagoIWGLTvltq/zLQF+2x724Nr+4fZtjJrPa7twdiOs4ddK4cEAQhAAAIQgAAEIACB3BDQO0tnDeLtp9Bv7+9s+lHuncYa6a2xvmMq16jeWQO9lWvld0ydBaA6Czh1FszqzFcLWllZ5VI5+y2fLS9gjMqlztiZ350FM8qVwzYIQAAC7QlYG8VYybiStH1vH1y2YF37GZ6sHcXaTCwIbe0ltv8jyVtq4xijz2CSewDOSOif4nB97BwMFQyBAAQgAAEIZJeAPaCsrgeOF9JyoRSQW8P0SgaXZDl9lntR1WZSoAQsCGi90iy1f7htC/7Zdju/7AG3LXXsOdk+KGh5OvZwbAs6th3fPsho22rRZfk76rdtbamj7rbt/9/eecDPUZR/WP50kN5DCx2RIiiC9C69SUcgho4gCKICIgihiFKM0nvoIE16DxCkFwHpJYQOofcU+D9fuMPL/a7M7O3d7e595/N5b9s7M+88s7u3O+/MrJaV5avcH7P+MddZmVfNeFwb9Rpyaup7Z24JtNLjNLeF7kHD6zWe9iCKthRZnXvSmuK6LQZmONF6DeIZNvnrkSdyGHQjNBr10Al70n42qOdEiSlLzEiLes4o5VfP+VS2pZ6zqXy8nnOpfLyeM0n/wzGjmcrpeWkCJmACJlBMAq9QrJuR43lnf6DbRcyKA24eQDyJqJeFgwmYgAmYgAmYQHICp/OAsUPy6OnExPGgF2E54RZFFkIWKW33Z2nHHBAcTMAETMAETMAETMAETMAETMAETMAETMAE2kJAI+ZORX5DO5k6/3YlZMIBp5LTUHc0i727QsGZmoAJmIAJmEAxCGh00Xw8WLzereLwf17u2Vpv2hTtV8eb+ZAZS+v9WM6LaOlgAiZgAiZgAiZgAiZgAiZgAibQOwT0/SdNHfcW8gai2SqyECqn7k/DHo3UXBLRrDFFCnJslKcKrPxkgspYzbB6lpLKb4pJv3KmksrZTuqtK29NRahZWjSyWm0M4rsOMi3SriC7VdZKuypne6ksR2WZq/nI7jI7taVINLJdo5unQVQGLVW2LH6HELNyEd7BytOR65AHq51xtGNVzsRQPSq83kjzym/gqe5Hkm7lFJns+iZkyQGnk+l5REsHEzABEzABEzCBeAJ/5A//0Pho4TF4MNG0OXpp0Kg2jXCTM216ZGZkBiTp9C96MNdziUfDA8HBBEzABEzABEzABEygYwQqG4/LmVZOi6191Y2m2lf5HV9tK8iRIKkO1Y3MlccrG20r92u98vvA1ccqG3Wrj9Wzo1KvkU2Veo3sq9RrZGulXiO7K/VqrVc2eNY6Hrrvc96batVTaPyO6vEO1mjqz0bfbJOden8bv4bB5Y6TOqQGZ7XHKh81+M+EzI8sh6gDZbvDfWTwIvIyooby96pETo5yqPe9u/Lxestm08824lg51W91OpORoRhJtK73YdmoGWEkatjXe/J0iNJJM+h6eBcRMy0lur50bZc/DVC+fj9gnxw9WpZD5X2u3rr0y06FcdbrORuUOOdsJSedfzoPFSrPu/K5WV7q/CvH01LnpcoihrrfiqfS0lLHVWfaFm+lq/OkXG5Wv/28QeU+3e91P6/lOKv83ELlfapc7lGUWfe5PoHyqt5lr8qgZXldzpvyenl/vaXOn9ggB165fspxK5165X3lcpe3kywrmSWJXxmnfN1U7qtcrzxPtF/1PXulQovrqlOdN2ne314nvcM4R46vti0zDjgZxsm6B4vB1UZ62wRMwARMwARMoCmBV9BYoN4DYdPYDRT4f9ZD40BkQ+QniB6GHEzABEzABEzABEzABEwgiwTUcKrOXY0alNWoqwbdVkMtx1yraSq+GlTVQNiJUKuxth35lh0B7Ui7nWlWOg9i8yk7Y2LjSb/S6VOOr0ZoNfBXhrKjp3Jf2ZFR3lerDGVHlpwbOu6QTwK6V+gaVig7WSqdR0mu72rnxzepf3PPlONa91flVb7X6ricXDqmc1THlW+5k0LZcVO+X5YdXZX3ufL9uuzs+pC2jfLIMJJqT6CtQ74ROcTKDtiyY0jXkJwz0yHTlpZypM6CTIOojURSdqZVOnJUrteQEch7VSJmEpVTSzErc2L1a4ejeJWZaV/53jkWJuKeyQDLyvtM+f4iW8VJQYzKTkbdd8oOajlgpa9j4qmltrUu5hI533Q/zUp4C0MeQx5GHkEeoG6eZlkzZM0BpwtcRn+/prXeaQImYAImYAImUI/A5vzhX1zvYNL9PEStTdyzkemTpuF4JmACJmACJmACJmACJmACJmACJmACuSIg59AbiJxFcijJsaZQ6Tj7Zs+4vzqets+hlqO57NhR7pXOH21XO7/l1Kl0ksnBlraNyvdF5B6kzEr7aoWyM7LWsep99RyilXoqixxWzYJ0GpW7+nh1R4BqruIuZ1pRg87lZ5D7EfmsHpXQ9vYmy+DQCHhwImkq0tC3IukNTTNNp2UCJmACJmACBSdwGw8Aq6RdRv6T1cvoWSRLPY3SLqbTMwETMAETMAETMAETMAETMAETMAETMAETMAER0Cj5fZBLaGt7TztaCZlzwKkwNPhdyGLzVgrmuCZgAiZgAibQIwTUc+oHPBQ8nnZ5+T/+GWn+M+10nZ4JmIAJmIAJmIAJmIAJmIAJmIAJmIAJmIAJZJiApgl9H9EoUE2zWg5a17HydKpa1z7plo9pGlbFG5rVb7j8BuPWQzQ81MEETMAETMAETKA+gb+3w/lWyu6p+tn6iAmYgAmYgAmYgAmYgAmYgAmYgAmYgAmYgAkUkoC+xVeeUlXf6tM3+MqONa1LNFquev9I9mmaypG0143O5Ag4jNMouP1YHK51BxMwARMwARMwgZoE3mLv/Pyhq1dNWwL/x1eQ8AZtSdyJmoAJmIAJmIAJmIAJmIAJmIAJmIAJmIAJmEB7CMiJprYzfcfwbURTSpblXdYl2i4v1b72UZrtbFkdAUc5v3MMsi2yoDYcTMAETMAETMAE+hDYJ82Hgj6pf7NjBxZLIPoenIMJmIAJmIAJmIAJmIAJmIAJmIAJmIAJmIAJZIWAPs3yBPJAafkiS8nLtJnJ6dbVkNkRcKJCr/sVWQzVuoMJmIAJmIAJmMA4BG7hQWK1cfa0aYP/4/lI+t/I9G3KwsmagAmYgAmYgAmYgAmYgAmYgAmYgAmYgAmYQAgBfXdN7VRXIWd1oHN6iE01dTLtgJPFNPqdweIXNa33ThMwARMwARPoTQL6qOvCPGA816ni83+sEenXInN1Kk/nYwImYAImYAImYAImYAImYAImYAImYAIm0NMEND3kk8hjyMPIIxLaxEaxzHzIgwNuOig+hbjXfeZPJxtoAiZgAibQIQIH8qAxqEN5fZsNTrgZ2LgUWf7bnV4xARMwARMwARMwARMwARMwARMwARMwARMwgWQE9I2215E3kBHI8JK8wPIZ2r/kgMttyLwDTmRp8NO34M7OLWUbbgImYAImYALpEVCvnx90q6cP/8n6fqycf79Lr0hOyQRMwARMwARMwARMwARMwARMwARMwARMoAAERlOGkSV5k+U7pXU52iSvIXK2vapt2rekX9iQFwec7LwJWbWwNeGCmYAJmIAJmEBzAl+hsgIPJ8Oaq7ZXA0fcWuRwOjJLe3Ny6iZgAiZgAiZgAiZgAiZgAiZgAiZgAiZgAl0ioO+taYSanGdyqGkpp5rkbaTsbNO2HGofsnQoEciFA0620tA3FwvN8zm5th1MwARMwARMoAcJnMCDzC+zUm7+mzVN9D+QLbJik+0wARMwARMwARMwARMwARMwARMwARMwARMIIjAWreGIZlt6EdEUkBKNTpNz7TXaoT5m6ZCQQG4ccCofDX1qdFRDn4MJmIAJmIAJ9BqB4RR4kSw++PD/PA+2rYEshfwYmReZEHEwARMwARMwARMwARMwARMwARMwARMwARPIBoEvMOMu5ErkHuQ/tDNpn0ObCOTNASd770CWaxMPJ2sCJmACJmACWSWwKg9Ft2bVuEq7cMiNz/ZsiBxxcyOaprJfSWYubWv03KSIgwmYgAmYgAmYgAmYgAmYgAmYgAmYgAmYQH0CmtZRU0FKPkA+Ka1rdNpHyKel5Xss30fKy3HWaVdSfIcOEsiVA05caNSbj8V/EDfaCYiDCZiACZhALxA4jYekHYtWUP7T9V8+LTJ9SeSUm6pKpmR76op9mop6ktL2ZCw90g4IDiZgAiZgAiZgAiZgAiZgAiZgAiZQRUDTC4ZMHzgmw3pyINUKcjqpfNVBDqZaI7pGsV9OqnIYzYqcWOUgp9ZXpY3KNL5k3/+V9s/IciFkY2SR0r5aC8WXfUpTIudZeanylPdLT6LjnyOyr8867UGVdqPikCcCuXPACS4Ndr9mcUyeQNtWEzABEzABE0hI4GXiLcwDlx7CHKoI8EygB2E56eSMk2OuvC7n3hRI2WFXvf7dkr6W5TRY/doBqOcj6Wskn+LLyae0J0YcTMAETMAETMAETMAETKBIBNQQnHZQQ7Kk1aDG8LTsU0O7GtxbDaGOipB86jkQQuJW6lQ7FiqPha63Umf1HCTN8q50cjTTrTzeynkhR4Z4xQY5elRfSULMuReaz1jaCJLak6QMjlNFgLYItRXMULG7XHcfUjdy2jmYwNcE8uqAU0PZbcgKrkcTMAETMAETKDiB1Xl4u7ngZcxN8XjInghj5eyTc05OOj1LadSegpballNvAkR60pfjrjxyXw7Ccu+5yvVyXA5/PeJPy8q0K9crHYZlO6SvPPUS4GACJmACeSWgxr97O2h8TINYu81SA3O513W782qUfpoNy43yCTnWSmNwSPrVOu2sg1Yai6vtrLVdbvSrdSyNfWk07jeyo911nbTBvZHNlcfScqJUplm5/gHvA1m4P1Ta5HUTMAETMAETMIEAAmrMyWWgAaw/hj+KqPHLwQRMwARMwASKSGAwL9t7FrFgLlN7CfCcJGecHIEKGsFXdsxVOuyqj2m77GDUuoJG/knKoexULG+XRwiWt8sjB8vblY5F7dN0ouVQ6UjUvkqbyzrV+Wl/dZ7lfYrvYAImkC0Ccmio4VuN6xrJrXX1dn8PGVmSN0rLV1nqI/Ae8Q0IBxMwARMwARMwARMwARMwgfwTyK0DTuhpXPoFizPyXw0ugQmYgAmYgAn0IfAUexanIVKNlg4mYAKRBHhOLI9ErIxZ7SDUsVr7KkcnluPX2lftYJRupZOxHLdyWStO5fHK0Y6V+yvXqx2plcfK65WO1/K+6mW1w7X6eOV2tTO28liS9cqRoUniZy1OklFDSUaU1JuqSd+50LHKUGt0V/UIn1p263+n+r9H3w6RrkJ5mqmyLZUje8qjTD7j/6vWtze+ScG/JmACJmACJmACJmACJmACJtADBHLtgFP90LhyOYsNe6CuXEQTMAETMIHeIaBGzqVpvHywd4rskpqACZiACZiACZiACZiACZiACZiACZiACZhAcQiUv0GS5xLthPFv5rkAtt0ETMAETMAEqgj8yc63KiLeNAETMAETMAETMAETMAETMAETMAETMAETMIEcEci9A44GyrfhPTBHzG2qCZiACZiACTQicBcHj2ik4GMmYAImYAImYAImYAImYAImYAImYAImYAImYALZJpB7B5zw4oS7lsUx2UZt60zABEzABEygKYH30NiK/7WxTTWtYAImYAImYAImYAImYAImYAImYAImYAImYAImkFkChXDAlejux/KhzJK2YSZgAiZgAibQnMAOON9GNFezhgmYgAmYgAmYgAmYgAmYgAmYgAmYgAmYgAmYQJYJFMYBR4PlKEBvgXycZeC2zQRMwARMwATqEDiJ/7LL6hzzbhMwARMwARMwARMwARMwARMwARMwARMwARMwgRwRKIwDTsxpuHyWxW454m9TTcAETMAETEAEHkd+bRQmYAImYAImYAImYAImYAImYAImYAImYAImYALFIFAoB5yqBCfcOSzOLkb1uBQmYAImYAI9QOBTyrgF/1+f90BZXUQTMAETMAETMAETMAETMAETMAETMAETMAET6AkChXPAlWpNo+A0msDBBEzABEzABLJOYCecb//NupG2zwRMwARMwARMwARMwARMwARMwARMwARMwARMIJxAIR1wNGRqNMHGiL8HF34uWNMETMAETKDzBPTdt/M6n61zNAETMAETMAETMAETMAETMAETMAETMAETMAETaCeBQjrgBIwGTX0P7hfthOe0TcAETMAETKAFAg8Qd68W4juqCZiACZiACZiACZiACZiACZiACZiACZiACZhARgkU1gEn3jjh/snibxllb7NMwARMwAR6l8B7FH1T/qe+6F0ELrkJmIAJmIAJmIAJmIAJmIAJmIAJmIAJmIAJFJdAoR1wpWrbl+Vdxa1Cl8wETMAETCBnBL7C3m1wvg3Pmd021wRMwARMwARMwARMwARMwARMwARMwARMwARMIJBA4R1wNHCOhsUmyGuBTKxmAiZgAiZgAu0kcCD/Tde0MwOnbQImYAImYAImYAImYAImYAImYAImYAImYAIm0F0ChXfACS8NnW+w2BDxVF8C4mACJmACJtAtApeS8eHdytz5moAJmIAJmIAJmIAJmIAJmIAJmIAJmIAJmIAJdIZATzjghBIn3P0sdukMVudiAiZgAiZgAn0IPM6eAfwfaQpKBxMwARMwARMwARMwARMwARMwARMwARMwARMwgQIT6BkHnOqQRs+zWAzWuoMJmIAJmIAJdJDAe+S1Af9DH3cwT2dlAiZgAiZgAiZgAiZgAiZgAiZgAiZgAiZgAibQJQI95YArMd6H5W1d4u1sTcAETMAEeo/AWIq8Oc63F3qv6C6xCZiACZiACZiACZiACZiACZiACZiACZiACfQmgZ5zwNEAOoaq/hnyTG9WuUttAiZgAibQYQJ78N9zU4fzdHYmYAImYAImYAImYAImYAImYAImYAImYAImYAJdJNBzDjixpiFUU4Gti7yrbQcTMAETMAETaBOBwfznnNimtJ2sCZiACZiACZiACZiACZiACZiACZiACZiACZhARgn0pANOdUGD6LMsNkZGa9vBBEzABEzABFImcC3p7Z1ymk7OBEzABEzABEzABEzABEzABEzABEzABEzABEwgBwR61gGnusEJdzuLnXNQTzbRBEzABEwgXwQew9wt+J/R998cTMAETMAETMAETMAETMAETMAETMAETMAETMAEeoxATzvgVNc0jp7J4ogeq3cX1wRMwARMoH0EXifp9fh/+ah9WThlEzABEzABEzABEzABEzABEzABEzABEzABEzCBLBPoeQdcqXIOYHlOlivKtpmACZiACeSCwIdYuTbOt5dyYa2NNAETMAETMAETMAETMAETMAETMAETMAETMAETaAuB8dqSag4THX3RLBNh9tXI6jk03yabgAmYgAl0n4C+KboOzrebum+KLTABEzABEzABEzABEzABEzABEzABEzABEzABE+gmAY+AK9GnwXQUq5sgj3SzQpy3CZiACZhAbgkMtPMtt3Vnw03ABEzABEzABEzABEzABEzABEzABEzABEwgVQJ2wFXgpOH066nD2OWpwyq4eNUETMAETKApgf35Dzm3qZYVTMAETMAETMAETMAETMAETMAETMAETMAETMAEeoKAp6CsUc1MR7kgu+9Epq9x2LtMwARMwARMoJLAYJxve1bu8LoJmED+CcwzZ/9+lGJRRM+FcyLanhaZBpkAKYf3WXkXeQsZgTyL/Bd55vmXho9h6WACJlCHANfZbBxaBFkA6Y+Ur7OpWa++zt5h39vIcOQ55HHkWa6zsSwdTMAETMAETMAETMAETMAETCBzBOyAq1MlOOF+yKFbkSnrqHi3CZiACZiACZwDgu1wwH1lFPUJ0MC6A0eXq68xzpEjaUx9apw93ogmAPM5iHRIYMSHYD44ULewaiVHwJoUcA1kWUSOgFbCJ0S+DxmKXIs8COeevVfA9/cwkDOzWfgUTrs1U8rSccqma03XXNNA2QY0VSqwAqxmp3hrI6sh+l+YGWklfEzke5DbEV1nD/fydUb5vwPjJVj8SutdDLr/fYGoY8IbyKvI09SNOik4FIQA55r+L7cKKM4L1H3oM0lActlVgcn3sW7fAAvPh8mNAXo9pQK/jSnw+gGF1j1m916/39fiBMOzau3v4D7d+z9D1DntTeQ1RJ3TnqO+xrDsqRBRHyPh85uswcH+vbFp0Ui73kP/AMrzaWS8tqtTnuBn9rYbk14GmXqXh7GeQfUs6vA/AsMqexX+b7fXvkNj6oM44fTHfx0yqZGYgAmYgAmYQBWBf7H9CzvfqqjU3lQj63a1D/XZexZ77IDrgyV6x7TECGWukSaDo3MoQAReEKakGFuXRE63NMPkJLZySf7E8mXyu5jlGbyQPsGy14KcmysGFPoDdHLlgMNevTMsFlA2qQwI1CuMGue97jHbILrWlkq5YN8lPTnzJIciI8jvApZncp09zbIXg5zBoff/jvKhbj4iw/8gcpgORYZRT5+zdMgngYUwO+hco+4fpa6vyGcxw6ymjP+H5ulIyH3uEfTsgKtAC7/x2ByEfK9id6PVyzl4cyOFHj0WdE12gc1o6vhJ8r0bGYrcwj1Bo9qLHkLr4yVAZMYBV7oej8amX0dWkDrdrEHdZs75VipHzDN7ZNG7pp61d/lVILFB12hkNGM9IDjUIUCjql4MNkdG11HxbhMwARMwgd4kcBvF3pz/CU971Zv171LnnAAvlfMgJ1KM15ETkLSdb7UIaeTPPsh/yft2ZF1EjU0OJlBIApzf8yOnUjj1fpeTP6RRulUWcj79DnmKvG9B1kJ8nbVKNb34U5CUOuUcgNyEvEn9nIOs6XqCRrHD8dTxVMUu4nf2oHyduM8VFeOKFCzU+SYGuxYVREHLNSHlWhTZGVFHmTe4J9yIDEQmY9shIwSoj/Ex5RQk1vn2InGWx/n2WEaKYjNMIDME7IBrUhU0rl6Fyi+aqPmwCZiACZhA7xC4j6JuyP+De2z3Tp27pAUhwAvl7MgZFEcjY3ZBuvXCvwJ56xnzIezRyDAHEygMAc7puZAhFEijmXdAujWbiHrgXovchz0aIeeQPQIahfxz5DrkSeppJ0SNtA7FI9CPIh1VvGJ9UyLOWzn/Dytq+TpULj2XxYT14a7zyiGfBNQevTqiUaOaJeIwZIZ8FqU4VlMHE1GacxA9v8WE/6K8As6352IiWdcEeoWAHXABNU0j63mo7RagahUTMAETMIFiE3ic4q3D/8KHxS6mS2cCxSLAy+TEiEZcyPGmjlXq2ZmF8AOMuA7brkHmyYJBtsEEkhLgHJ4EOYT4mmJ1GyQrI89+hC03YduVSH/WHbJJYAHMOhl5nHpaJ5sm2qoWCcjBqlFORQw6dzX1tEMCApwXMxJt48ioE6C/fWQcq2eTwLSYtT/yLOfC3og7YnShnuCuDlP/RLaMzP5+9FfG+fZKZDyrm0DPELADLrCqaWw9EVU74QJ5Wc0ETMAECkhAzrdV+D8YWcCyuUgmUFgCvEzKyXUfMgjp1kicZnzXRuExbN0LyYrTopnNPm4C3xLgvJWT62HkQGSSbw9ka0Xf/ZBzZzdfZ9mqmCpr5mf7aurobETf+HMoFoFTqdes3iMSkaY8WxHRo9kT0fs2khxpSZwucupmpVPVt4XxSmICmqZW3x27h3rVf4FDhwjAW/+31yDrRWapT3OsjvOtF77nF4nG6ibwPwJ2wP2PRdO1khNuz6aKVjABEzABEygagScpkJxvfrAsWs26PIUmwMvk7hTwXkTfnMh6kHPwWORa7J4+68baPhMQAc7V8RB92/BuZEHty3jQCJXjkcuwe5qM29rr5m0LAE3TO2+vgyhY+eejPAcVpUycn/q//ltRytONcsBQ7ZI7Jsx7NuKtkzCuo2WXwBKYpvv/Btk1sTiWwVmOz1uQlSNLpen018H59kFkPKubQM8RsAMussppfB1MlP0io1ndBEzABEwgvwSex/Q17HzLbwXa8t4jwIvkRMhZlPzviL5lkKegXvQPYP8ieTLatvYeAc5RjWI5H/kroqnA8hQ2xFh9Gy4PTsM8cU3bVjlr/k09qTHWoTgE9qVOFy9IcY6hHO4001pl6rlnrhaS2KWFuI6aXQLqMKPOMp5mtI11BF99d28Y8uPIbM5Df2Ocb59FxrO6CfQkgby9KGWikmiEPXL0RbPIliMyYZCNMAETMAETaBcBOd9W4r7/SrsycLomYALpEuBFUr04L0die3E2MkQvl08hLyHq5fkh8iUyBaIpW2ZGvofoJTaNMCeJDKMsG/Jiq6ldHEwgUwRK19l1GPWTFA37hLSeQYYjusZ0rX2F6DqT6DpbCJkOSSPMSyKa5mptrrN/p5Gg02gLAd1Xb6CelqGenm1LDk600wQ0ZeBp1OlS1OmYTmeeVn7Y/1PS2iat9Ho4nZ1bLPua1MVcnEsvtpiOo2ePgAaN6F7xEfV7cfbMy7dFcNUIUr1n6HkoJhyP8h7UiZ7RHEzABAII2AEXAKmWip1wtah4nwmYgAkUioCdb4WqThemFwjwIinn241IbC/Oajzvs+Mm5HpkKPJiyEsm+U+LrhwSayDq0T0/kjRMSURNR7k5ef8raSKOZwJpE+CclEPkFqTVUZrvkcYNiK7ZocjwwOtMo02WQVZH1kLmQZIG3TNupkzrkvetSRPJcbw7sF0dFtIKmkp3YkQdE2ZF5kQWRuRAbSWozq+hnn5MPen+7JB/AktQhL2Ro/JYFM5Fjc45OY+2Z8lmOM6OPeu2aNN4xN8R2b/FdHot+msU+C8pFnpC0tJ1of+AWRA5d76PqPNMq2EI58rL3P/vbjUhx/+GADzldNNzj67BmDCIejgwJkJOdUdh94k5sf2xjNmpqUmHd9gmjapfITBPveM/Eaibltp9dsC1gLLkhPuUJP7WQjKOagImYAImkD0Cj2PSqtzn38qeabbIBEygFgFeJNXgq4b8Vpxvw4h/CnIJL5efs4wKxHmXCNeURN/HWpp1NQptgUyGxIZJiHAh6fSqcyCWl/XbTIBzUQ4rjXxrxfl2O/F1nV3KNfMFy6hAnJFEkFP6a8c0Ni3Puqao2hzRNRMb5DS6mnTWIm3Z1kvhYcp8XDsLDFc1jqsRdmVkM2RZRPtiw3xE0Hv3drERrZ9ZAgdzflzGOfhcZi2sb9ggDsnB7NAaAT0jpfFpnB04lw7mXFKjuUMYgbfbff+XGdSLHHCrIJr6eT0kyf+0nHpywv0Amz9h3aEFAnDUM5zemVQ3MeE38D86JkKOdT+jrHvl2P6umQ630zudOee06irUAXc+Np7VaRvT+KPrtM2Zyo/G2cEYtFumjLIxJmACJmACrRCQ820VO99aQei4JtBZAjx0azqrS5Ckzrf7iLsSD+PLI+cgn6dRAtK5B5FjQL1M1YsyyVRbcg5coUYHlg4m0DUCnIMTkfmlyA8TGnEX8XSN6VrTy2+0861WvqRzJzKAY7rOTkPGIrFB19mVlHGh2IjWb0yAuvkKeRz5OyJn6YJI0nraljpap3GOPpojArruTqVOkzhku1ZM7F2SzH/VNQMKkjEcJ6QoO6RUHI3M3iiltJxMigS477+B6D9fHTD6IQcg7yfIQv/xhyeI5ygVBLjulmLzNiTG+fYl+jtQh73ifKsg5lUTSIeAHXApcKSRVg0quyK6KTmYgAmYgAnkl8BDmC7n29v5LYItN4GeJHAMpV4zQck/II5GUyzNS+XtCeIHRSHt1xF12NJUbPcERRpXaQo2r+KleaZxd3vLBDpK4B/ktmqCHDUydEuugeWQYQniB0Uh7VcRjaZYBHkwKNK4Shrdp2kOpx13t7fSJEAdPVOqpyVI9z8J0v4zdeR2jATgMhplJexSR5VcBM49OY3Uu9/nYOs1tj5JaKrCtILa5BwyTIB7/3uInGjzIecnMHVXrsE5EsRzFAjATiPRNfIt5lu6o9HXdPgdH9VEvg4mUBgCfmhIqSpprD2JpLZBdHNyMAETMAETyB+BuzDZzrf81Zst7nECvExuCYJfJcAwlDiL8EI5BPkqQfzoKOTzNJGWQ9T7d2xkArOhr+kox4+MZ3UTaJkA591AEpFzKzaooWdRzv0LYyMm1SevJ4m7NHIIEttBsj9xLqC8uRqRg825C9TToxitnvgXRBqv6Sw3jYxj9WwT+CvXXJqOmHaW9rckLie/Q+sEQh1mmp0kJKzIefS9EEXrdJcA9/+RyNZYsQcS8z8tB/hB3bU+n7lzbayN5dcgU0aU4DN0NQ3+PyPiWNUETKAGATvgakBJugsnnHpwbIzoJuVgAiZgAiaQHwLXY+oa3Mc1GsbBBEwgJwR4meyPqScnMPd44qzGC+XLCeK2FIU8xyLq/ftT5MPIxFZC//eRcaxuAi0R4DqbnwQGJ0jkWOKszfn+aoK4LUUhzzGIGunWQz6KTGwN9PeJjGP1BASooy+IpkbY8yKj7xypb/VsE9DoU/0vZzpwL1wAAw/MtJE5MQ6Wmk4wZES1OkhtgrwXWDTfGwJBZUGN/wCNrI+dhnQLzp8YJ1IWitpVG+ClTitXIJNGGKJ3lFWpI3WkcjABE2iRgB1wLQKsjk7j7dXs0xRIsQ0q1Ul52wRMwARMoDMELiKbDbh/f9qZ7JyLCZhAGgR4mdQIlbOQKSLTO5CXyd2R2BFokdk0Vif/W9BYHhnZWLPP0YMp+2J99nqHCbSBAOea3hfPRiaPTH4/zvG9M3CdXYvdqyCx19lhlN0jKSIrPYk654ga2AciD0XEX4n66R+hb9XsE9iIOt04q2Zim545TkEmzqqNObNr10B7r+ceodkDhgTqb0ddTRaoa7UMEKB+z8QMddgJDapffU/OIYAA18MA1DQLgUYPhoa3UNS04XeHRrCeCZhAYwJ6oXJImQCNuHeQ5EpI7IteypY4ORMwARMwgSYENHJma+7bo5ro+bAJmED2CAzEpBUjzfoTL5ODIuO0TR1bHiXxVZCYj9FPgP5pvFD/X9sMc8Im8D8Cu7Gq6RxjgpzcR8ZEaKcutjxA+usgMR0kJ0L/1FKjezvNc9oQoI70HPYLRM64kCBnyLohitbJFYHjueamzqjFO2HXChm1LVdmUceTYPB2gUbL6alw2jeLpr86f+ycaYopcwr7Y9ELEVb5/h8Ai2tNU3zKwRnzzjAC/WX5X34sIAurmIAJBBKIuQgDk7SaCNCY+zCLZZHhiIMJmIAJmED2CKgRflfu110dBZM9LLbIBLJPgBfKqbDyiEhL9a23gyPjtF299IK7ARmNicjsR+huH6FvVROIJsB1Nh2RDo2MeArndGac3GXbsek+1tUoG/OtGb3LbVVOw8v2EqCO1CHhgohcVorQtWo+CMyMmUdnzVTuhf2w6ais2ZVjezQdnv5fmoXXUdAMU3LSP87ibq0HBHUcccgRAer3c8yNeXZYgevS7dkN6hg+B3B4cAOVWoeeYqecb8/VOuh9JmACyQn4hpWcXdOYNOo+g9JPEDnjHEzABEzABLJBQI1vcrwdiIT2tM6G5bbCBEygTOD3rMxQ3ghYquFmlwC9rqjwonsHGe8XmfkgXq6/GxnH6iYQQ+BAlGNGo2gKwV/FZNBJXa6zG8jv4Mg8/8x1FvPNlMjkrV5FIOY7YMtUxfVmMQgM5JpbJWNF0Xnpb06lVymhz2Onc9+u7Jx0SqAJS3IOLR6oa7XsEDgfU0JnhJgG3YWyY3p2LOHcHw/RLAQxDk0V4EFkBa65V7ThYAImkC4BO+DS5dknNRp332DnisiNfQ56hwmYgAmYQKcJfEaGG3FvPqnTGTs/EzCBdAjwUjk9KWlKldDwKYqb8kKp6z/LQb3+r4kwcEZ0d4/Qt6oJBBPgOpsD5dBv9Cjdj5DNuM6+0EaGw2HYdnOEfbOiu3OEvlVbI6ARLm8GJjEL56lGQzvkg8DtEWaeQt1OFqHfNlXs2JjENwzMIObeEphksdTguQglCnGeq5Pk6VWlv5jtD6r21duM+f+ql4b3d5BA6fnhyogs54/Q7QlVri9Nz3wC8rvIAuv+vCp18HZkPKubgAkEErADLhBUK2o09OqFdD3krFbScVwTMAETMIGWCIwk9qrck//VUiqObAIm0G0Ce2PA5BFG6LtvmlIl0wEb1dikb8zouTE07MPLtkfnhNKyXgyB36A8UUSEP3AOPx+h3xVVbNQo+B2RGIf8vlxnMSy6UrYiZMJPuRoAADqESURBVFq6D8Y4auYtQrl7pAz7UM5Q5+o86B7cbS5c9xoBHDoqU9Ml7tttm3OQf6hj7GbuB8Mry8O2OlSdU7mvwfrW1J9HLTYAlNFDd0bYNV+EbuFVOd/Hp5DnIqEjTMtMrmZlba6vUOd2OZ6XJmACEQTsgIuA1YoqDb6jiD8QGdRKOo5rAiZgAiaQiIAaBZflXqye1Q4mYAI5JcDLpaZcDG28USmfRI7VSh4CL7+vYedBEbZqNODPI/StagJNCZQanfXeEhoeQTG0kTo0zbbplRp1Y97J+mHMZm0zyAlXE3iiekeD7ZkaHPOhbBF4B3Ni/r/35l70oy4X4S/kP3OgDfruWOj0eYFJFkut9AwX+sxycp3Sn1Jnf/VujaDcpnqntzNPIKbD3CyZL02HDOTaUiehy5CtIrM8H/2flZzbkVGtbgImEEPADrgYWi3q0vD7FXIgyWyHjG4xOUc3ARMwARMIIzAMtaW5/z4Tpm4tEzCBDBPYAtvUIz007MNLZd6euf5O4WJGEv0yFIb1TCCQwLboxYwy/TXX2djAtLOi9lcMeTnCGE/3GgGrRdVXIuJnYprCCHt7WpX7xOUA+GcgBI3mOI2G5QkC9VNVI9+VSHCHwET/SdmuCNTtZTU5B6YIAKCRkjVnLIHzYxy7LyANqcSOBApM1mptJPBqRNq+/wOLe5U4aAr79SPYSfUkZBuuqVGR8axuAiaQgIAdcAmgtRqFRuAhpLEKol5gDiZgAiZgAu0joPutpp0c2b4snLIJmEAHCWjquNDwEC+V14UqZ0UPm8dgy6AIexbj5bvbowQizLVqDgjEXGf/5pwdmoMyjWNiqcHpyHF2Nt5YiutskcYqPpoSAU0zFxq+G6povcwQ2A1LQp/LF0O349M6cq1PQr6nBhJ7F73dA3V7XS10BOQZ3KMbdZ46JRDkwtTlcoG6VssGgZhpEDXqq6cD57e+g3oTslokiCO4xnZFNC23gwmYQAcI2AHXAci1sqAxeBj7f4zEDLGulZT3mYAJmIAJ1CawP/fa7RD36qrNx3tNIFcEeMmcB4P17BQaYpxYoWl2Su88MooZnbN1pwxzPsUmwHUmJ9PCEaU8NEI3a6pnYtAbEUb5OouA1YLqxBFx8zbyMqJoxVSlwfdtSrZXROkO4r40f4R+GqqaCnrewIT2pkwaseXQgAB1qOe3HzRQKR/6ipXTyht1lheyP/R7uTvXScO7s0lg0myalT2ruKZmwKrbkGUirfst96z9I+NY3QRMoEUCdsC1CLCV6DQKv0D8nyA3t5KO45qACZiACYxD4DO2NuEee8Q4e71hAiaQdwKbRhRAU9hcGaGfKVVejNXzO7SHt2zfnBfx8TJVCBuTVwKbRRiud5kbIvQzpcp1pueF0yOMirkHRSRr1SoCMdMMhzbCV2XhzW4S4NpTJ5PQ/2g5ZE/t1H8c+cSMuruRspzdTZY5ylsjH0PCrTDVf0vdwPFPOHhuXYVxD2xGnep7uQ75IDBNhJkfR+gWSpVzejYKNBRZPKJgGu22E9ePvm3pYAIm0GECdsB1GHh1djQQv8++NZFjq4952wRMwARMIJrAS8RYhnvrpdExHcEETCDrBDaIMHAIL5h60cxzOAvj1RM8JOhD9EuEKFrHBJoQWK/J8crDZ3OdhZ6jlfGytB7TeD43jV4xowOzVM482RI68khl0ru0Qz4J6PulHwSavgJ6bR/JxPWt787JKa9lsyAn0E7NlHz8629UyakS2rkjtPNRqJ6mKRzgesgNgZj7f+j9IzeFDzGU+5QYDUUWCtEv6ahj35Y8s50aEceqJmACKRKwAy5FmEmToqF4LLI38bdFPk+ajuOZgAmYQI8TGEr5f8j99JEe5+Dim0DhCPCyOR2Fipl+MqZRPZO8eEl+BcNuiTBunQhdq5pAHwJcZ/3YqdEfoWFIqGJW9bjOnsW2f0fYp46TDu0lsHRE8up45ZBDAlx7Gqm+V4TpR3GPmjVCP4mq7PlhYMT9KYPPvzBY26EWMrWgpie9IiRJ2Ot97/4QXXR24dwZL1DXat0lsGRE9j13/XEey+k2FJkngpNG+6/PNXNxRByrmoAJpEzADriUgbaSHI3G5xBfH4kd0Uo6jmsCJmACPUjgb5R5de6j7/Rg2V1kE+gFAstTyNDn1md4yXy6IFCuiiiHRgg4mEArBFaKiPwo19nwCP0sq/4rwriVInStGkmAxsWZiLJ4YDT16FdHBYf8Ejgb028KNH8K9E4I1I1W49ybi0iHBka8G71/BOr2tFrJ8RU6evEs/ldGRQBr9q24clJyVqxW3vAy0wRiOpM9n+mSpGwc15JmurgdiemI8CH6q3NdXZ+yOU7OBEwgkkBoQ0ZkslZPSoDG4weJqx7edyRNw/FMwARMoIcIfEFZt+PeuRcypofK7aKaQK8RkAMuNOT2m1Q1CnhdjX31di3Dy/kE9Q56vwkEEIhx4hapMSemLMtxnfkdOuBkSqiyDfFC+T5Co6KccA45JUD9aQrbHZDQb/mtz/UXOpVhLBVNaRgySksOou2x/cvYDHpUf0XKvWBg2VUHMeEClEO/A7ZLTMLW7TwBru1FyfUHETmr7bQnAmyWpaC3ITHfMxyJ/orcq+7qCUgupAlknEDow23Gi1Es82hEfpMSrYr8tVglc2lMwARMIFUCL5Da0twzh6SaqhMzARPIIoGYKWliGtOzWNZvbeKl+Vk2hn+7o/GKGg5jvgfRODUf7UUCoVOviU2RHN2PUh69f4WEqVDSaAqHlAnQwKh72D4Ryd4ToWvVjBLgf24Epv0+wrzBnCvTRug3VSU9TZEYOkJqEDY/2TRRK5QJ7FpeabK8Fa7PNdEZ5zD6ctzKCRcSNqCe+4UoWqdrBPaPyPlJ6v/9CP3cqnLe6t50EzJlRCFeQXcZGGmqVgcTMIEMELADLgOVUMsEjeRA9uXYxkhPfly0FhfvMwETMIESgStY+ntvPh1MoAcI8OI5HsWM6REb+k2QvNC7N8LQJSJ0rWoC3xLgOpuADfU+DwkatVKY64wGKpXnvpCCl3R8nUXAilD9I7ozR+hfFaFr1WwTOBHzhgaaqGlKjwnUbarGvW/GiPQeQ/fIpola4WsCJbYbBeI4PVCvWu3k6h11tsdn/w51jnl3lwlwrsjJtHmEGVdH6OZWFS4bYPy1iDqohIZnUPwJzzbqxOdgAiaQEQJ2wGWkIuqZgRPuco79EPlPPR3vNwETMIEeIjCWsv4W2Zj7Y0/0euuhunVRTaAegdk4oG+/hISXeeF8O0QxRzoPRdjqEXARsKw6DoG52ZponD31N57nOtPIgyIFX2ddrE0aGdckez3fhYZ3URwaqmy9bBMoOcF3xMrPAi3djnNm9UDdZmp/QyFkRJ2mnByIraObJejj3xKQw2vCb7fqr7zDoUvrH65/hPrQNISh9+8dOW/kiHPIEAHqZFbMGRJpUqLzJTKPrqrDZWsMuAwJuYbKtj7MynJcF6+Ud3hpAiaQDQJ2wGWjHhpaQSPz8ygsjSTtFdQwfR80ARMwgZwQeB07V+ae+BdEvdUdTMAEeoPAfBHFLOJUK3qZDg0xrELTtF5vEFggophq8CxaiLnO5i1a4btZHhoZVyb/S5CYtonT7QjpZq2lnzf1qekHY6agO4VzZ7JWLCH+OsTfIjCNY7HxgUDdnleDra7nHQNBnA1bfdc7aTg1MKI6dK0bqGu1DhDgPFGdXI/MEpGdvv8ZMztERNLZUIWLpm49F4n5X7wT/ZVhU7SOiNmoFFthAi0SmKDF+I7eIQI0Nn9OVjuMvmiWW1iehEzZoaydjQmYgAlkgcA1GDGAe6E+JuxgAibQWwTmiijusxG6eVFVo2RomDNU0XomUEVgjqrtRpvqHFi0oCmbQsPcoYrWa0yARsZd0DgOmbix5jhHR7P1j3H2eKMoBAZTEDnElgooUH90BiF7B+j2UeHcm4KdJ/Y5UHuH7nmaItUhnIBGtfYPVD8lUK+e2vkcOBoJccjujN6V9RLy/s4R4BpchtwuRGaPzPWYSP1cqcPldxh8ZKTRmqZyU5xvn0bGs3p9AuNRF1PXP9zVI6Op60+6aoEzjyYQ402PTtwR0idA4/MFpLo4UugeH+mTc4omYAI5JTAKu/dC1rPzLac1aLNNoHUCMb1iX2k9u8yl8CoWhY76nTVz1tugvBBQL/TQ8HKoYo70Yu4d/XJUrkyaSqPWIsjNGCcHSIzzTeX5Ow1PI7TiUCwC1KumeRyAhI6G2pPzaMmEFA4nXmjD/45u2I6mLOd6SLgdtk+HKNbTIf6HHJMjJySsyTnjThQhpNqkA//pEXWiuAMJvQbL1ujTPOeVN4q2hMthlCnW+XYRcTbyPSr1s0GDXt7LqBT2Gki9FjOUoB1wGaqMUFNohH4B3eWRo5DQBpnQ5K1nAiZgAlkh8AyGLM0972+I73VZqRXbYQKdJzB9RJaFa5TlhVodEd4MZDBjoJ7VTKCawAzVOxpsF84Bx3Wmb9qpETckTBeiZJ1xCdCwOAnyM0SzGjyKrDquRtCWOiQcEqRppVwS4Fp8KqKO1Z51BufUhDGFRf8n6P8yMM5p2HRboK7VIABfOVU0vWdICJ0+sllaJzdTKB0fj+WOgbpWS4kA54RGEy2LqJ70DKHrb/zI5OWg/yXXo5ZFDHNSqP0jC3YK+lvDRO8KDiZgAhkm4CkoM1w5jUyjMVpTb/yOKSnVc/AspB/iYAImYAJFIXAGBdmTe93HRSmQy2ECJpCYQMy02+8kziXbEeWAmznERBo3JuFF/PMQXeuYQAWBSSrWm62+3kwhp8ffwu6Q+83kOS1f283m/qMp4CZCNL2f3k/7Iwsjcngsg0yKJA3qjLUN97cPkibgeLkhoI7GGyM/DLBY59fvkUMDdOUc0ojL0xA5YpqF11DYt5mSj/chsBN7Qjr7a3TJpX1iJ9jBfeE+6lajoxYLiL49ugfZaRFAKkIFpnKE6/9R19gsiEbW6/rUDF6rIDEd6lDvE46gzu7qs7d3d+g++XuYuKNy754DLnmOCNgBl6PKqmUqjdM34YRblGMnIJvV0vE+EzABE8gRAX3jbQfubVfmyGabagIm0F4CMdOTvd9eU7qWesw3HeRIsQOua1WV24y/G2G5OgIWMXwSWigaGien0StYPzTdLuhpCr89u5Bvkiz3hrlHIiUhl7M41PMYzsuBmP0gEtJm9Qf0LyHeUwFFlbNuoQA9qWi0TVGfKwIRxKlRD3LCbB8Yawh803xeOYV8jw/IewZ05OANnbYyIMlcqixGfeXFeXMVhA/KJeX2GL0f107sVJXtscSpmoAJBBEI6ZUSlJCVukeAhup3kM2xYGvEPQK7VxXO2QRMoDUCVxN9YTvfWoPo2CZQQAIxo03GFLD8KtKoiHJl9YPhEUWwahcIxFxnmq6xiOGziELFjBiMSNaqdQgcTmPjcXWOeXcBCVDfmqb0sMCiadTlaTgTGrZvcVyOt/0D05RD74pAXav9j8D6rGr0U0iQwyzNcB6Jhd7Hd0kzY6fVVgLqeLEF1+PYtuaSr8Tn5H4WMoo3X6WytSZQYAINH1AKXO5CFo1G6/Mp2CLIrYUsoAtlAiZQVALqQb4j97D1kNDvHBWVhctlAibQl4CmMgsNRZ22NqaDVew3NULZWq/YBDRqITQU1dH9RSgA9GLuSxHJWrWKgL71sw8NrwdU7fdmbxCQA+6/gUVdFr26TpWSc+5UdOSsaxbeRWGPZko+XpPArjX39t05jOv6ib67k+8hPT0rXRyYwoolh2ygutW6ROAy8l2Luo2ZCaJLpnY0W93rTrATrqPMnZkJtETADriW8GUvMo3XL2PVasjuiBq1HUzABEwgywSGYtwi3Lv0LQYHEzABE6hFIMapVtRRKTHTA7qHcK2zyPuaEYiZhipkSrhm+WXxeIzz2o2B7a9Bdcpag4bXY9qflXPIIgHqfjR2DUBC/9eOpEF6jjpl2Y39y9Q5Vr1b0526U2A1lSbbsJ8XlVWbqJUPpz36LUm6+ladQzYJqKPPvsgmXIsxnWOyWZr2WCUnnEb+xjy7tMcSp2oCJtCUgB1wTRHlT4GG7K+Q47Hco+HyV3222AR6hYCmr1IPyVW4X73YK4V2OU3ABBIRiPk+SFEdcH65TnTqOFIEgZhRlpNGpJsn1ZhRbW4QbG/NqmPW92l4vaW92Tj1rBPgHHgAG48OtFPX8AnVujRQz86+w6v319m+kTzPrnPMuxsT0LtdSND/zSUhirE61N2/ifN4YLwBnBuTBeparXME7iKrJajLvyIxnYM6Z2F2chqIKUPshMtOhdgSE6hHwA64emQKsL/UqK3RcOrZU9RvNRSgplwEE+g5AjdRYn3r7STED9U9V/0usAlEEwj9nocSjhkpFm1IFyNMFZG3n/kiYFn1WwIxju6Jv41VrJXgctEoGOOwLBal9pbmSpJXw+uOyDvtzcqp54jAQdj6dKC969AYvWWVrpxyIQ52zSDkUVFV8EI2Ya4OUNuF6KJzDtd3zH9OYLLfqoWOrtOz1ebfxvJKtwk8ggEbIctzfjzWbWO6kP9r5HlVgny3Io6dcAnAOYoJdJJAUacP6STDTOdVatw+dfRFs9yAoScia2faYBtnAiZQZALvU7hfc186q8iFdNlMwARSJxDT0D116rlnI8GYkX3vZcNkW5EzAjGNoTPkrGyh5k4bqBjDKjDJnlZ7ndKfi5xCo+tzPU3Cha9JQM4aHDzbc/BOZLyaSuPuHIy+RrK9w1IOlnXHPVx3a3/ivFT3qA80IrApB6drpFBxLNRBVhElavUctP+MhIzW1qi9M6NSt3KaBOT0vhzRqOc7uP56uXOuptzdBNH5KKdaTPhan/vdtjAMnbI3Jv1e1NUnEJbPaMFj3o0zWoTeM8sOuB6pcxq8R1DUdXDEbcHyOGSmHim6i2kCJpANAhdghpxvb2bDHFthAiaQIwIfRtiqaaaKGGYNLNS7vHh/GahrNROoJPB25UaT9dmaHM/dYRqtNPptxkDD1aHIITmBz4h6H3IHco3We7zRFQQOzQhwjtzFdToYvT2b6XJ8euRY9H/NUnFCwt0o/SNE0To1Ceh7VCHhbuqyraObSP996v5SjPl5gEFLoqtRtw8F6FqldQJ6RlX9D0OuR26GvTu1AEIBFqM4H7f9ZstOuBKHbi3GUh+PdCtz51s8AnbAFa9OG5aIxu8LccJdh9IRiB6SQnqQNUzTB03ABEygAYEXOLYr954bG+j4kAmYgAk0IvBqo4NVx+ao2s79Ji/imlYzZOoslTWGVe7ZuACpEng9IrXCOeAoe0yZXolglXXVkRiY9L7Rj7gxoyH3Rl/Pg0/TqDWGpYMJxBLYnwjrI3MFRNwGnQWREMf6KPQGcl7KOeAQSYDnlEWIskxgtFMC9VpVUz4hDjjlo3axXpx6VI6v0Kldxaky6Ll07sodTdaHcFwO7ie5zjSyyKEOAfiMbdEJNxnxNycd3dccTMAEMkLADriMVEQnzaAhXMNVd8MRpz9BPZjogcnBBEzABNIkoIaVvyCHcs9RT2cHEzABE0hK4OWIiP0jdPOiGuMYGJGXQhXMzv8rQHlipl3rX4DyVhchpkxFcsCdRyPdXtUwQrZp4FsAvYeRkGnelKQcJ4PVuKgNBxOIJcC58ynnnaaivDUw7pKBeoeS9lOBulbrS0DTOIaGftRhontOaAYVep+yPlnFdr3VrbHpN5wDMTMu1EsrT/vVGeIHSQyG18TEux8JbUtcB939yM/OtwDgcCo74T5CfeeAKJUqG7LxT+poE9KxE66SjNdNoIsE7IDrIvxuZ02j+D044ZbADk3jcBCiXiwOJmACJtAqAb0U78E95olWE3J8EzABE4BATO/cRA0JGaesRu7Q8EyoYob1psqwbfVMm7LegRztfy7C1sUjdPOiGlOmmHtSXsofbScNe0/TwKdRbScGRl4Jvd8hhwfqW80E+hDgvLuN8+5kDsQ2SvdJq7TjUZZ/rnfQ+xsToC7UhhQ60kyJHdY4xa4clZNOIyaP70ruOcyU6/AL6l71rumE5YxrFvR9wCHEWYO4HmnajBbH4SQnnJzb+i5e6BSv5ZTXY8VOuDINL00gAwSK0FszAxjzawIN5GOQoynB/Ig+VutgAiZgAkkJaOTFZtxTVrXzLSlCxzMBE6hBYDj7Qntwzs/L6uQ10sjzrhinojs+dKemx+9OtqnmKudtaKPYwlxnE6aae/cTswMuWR3IEXJ1RNRDOHeWjtC3qgnUIvBbdsaMjq+VhvZpNOb2NHSPrqfg/U0JbIlGETpyxzo4moIpugLXjZzX+0WUc1V0943Q73lVGMv5thtyUgIYZSfcRAniOooJmEDKBOyASxloXpOjsfwNZFvsXwbRVCIOJmACJhBK4AsUByHf4z5ySWgk65mACZhACAFePsegp5f8kKBn2xiHVUia3dZZNMKA/0Todlr1/dAMaaCfOlQ3I3qhjY+ZnZKZ60y2hU7BJufbYhlhn5YZP4pIyO9KJVilxsHt2XwrkJ+c1edxjRdh1Ghgka2WNgHOuw9JM41vdh1LWg+kbV+PpSfnQBGCOpYsV4SCdLgMx5HfzRF5DoJz6NSwEckWV7X0P6vr7C8JSll2woWMUkyQvKOYgAmEErADLpRUj+jReH43RdULqHoAvd0jxXYxTcAEkhO4gqgLce84ENE8+w4mYAIm0A4CMQ3eq7fDgC6m+ePAvNUZ4pFA3W6ohY5ilG3TdsPAJHnSkCRn1FSBcVVHWQ4PRRinnuyFCNThHBREs4GEBNXhf0MUe0WHxkE53wZGlHdudEOnrYxI1qq9RIDz7nrKe3YLZX6OuPoMh0NCAtw7lyJqkTpjpDWtaUKi+YtWcg4NwPJ3A63XZ5Au4Nz5bqC+1SAgzohG/iaZLldOuOtgPplhmoAJdI+AHXDdY5/ZnGlE/xI5GQPnRY5APs+ssTbMBEygWwQeJOMVuVdshLzQLSOcrwmYQM8QuCOipGtG6GZalZflhTBwtkAjH+DlPMvTaMV00pg5sMxZUJspwogPInS7oTosItPCXGeU+acR5b4n49dZRFHSU4XJNaR2UkSKW3F/0zeXHEygFQJ7EfmNhAnsxHkb87+UMJtCR9P3qYoUNuO+NH2RCtSJsnAdvUo+MSNS50H/+E7YVrQ8YP17ypTECbcy8a62E65oZ4TLkycCdsDlqbY6bCuN6h8i+5Ptgsh5Hc7e2ZmACWSTwCuYpQaTJbk/xDSIZ7M0tsoETCAvBO6MMHRJXjBniNDPsmrMaL6YKYC6UeaYRtJQp2M3ylGdZ4ytoT3Eq/Po1PbQiIyW5ToLHfkXkWxXVNeJyNXPPvVh7cOhp+sf7nPkBM4hNcQ6mEAiAjRGv0/EJE6gU4l7W6JMHelrAly7Gqm+WcFw6FtZAwpWpo4Uh+vpUjI6MyKzbTmHtorQt2qJQMkJd2ACIHbCJYDmKCaQFgE74NIiWeB0aGR/Cfk5Rfwx4pfOAte1i2YCDQio1/4ByPzcD85F9EFgBxMwARPoCAFeNl8io9Bp3/R8u2VHDGt/JjGOgRvbb05LOQyPiK2Rf3kJ34swdHiEbsdVuc7kPAm1UVNvbt5xI1POkAbA6UhyrYhkr4vQ7SlVzh+NJlKD6pjAgmsKsvOpA51LDiaQiADnnabDvzAi8mvo7huhb9XaBLZl96S1D+V67y7ck8bLdQm6Z/yvyDpmZpwTYT1398zNb87c9wZh/X4JSmAnXAJojmICaRCwAy4Nij2SBg3u9yMrUly9pGb5GyM9UiMupgl0hICmoP0rMi/X/+HIZx3J1ZmYgAmYQF8C1/TdVXfPgLpHcnKARolZMXXVQHM1uuyeQN1uqQ2PyDhP35SJsTWGQQSuVFWvikhtQIRuVlXlrNeoh5Cg72PfF6LYqzo0Cuo7gjE989XB85Be5eVyp0ZADf8jA1PbjfM069MBBxalO2olB9Uu3cm97blqVO5qbc+lgBlwXX1MsdRxf2xg8aZE7zzOpwkC9a1WQQDeR7LZihOuKLMYVFDxqglkl4BvdNmtm8xaRgP89aMvmuUGDNwUUc+L+TJrrA0zARNISkAPzqcjf+KaV09RBxMwARPoNoGLMeC3gUYszgv9j3g5fSBQv61q2KKRHschw7DprMDMtkEvtLPc5aT7ZWC63VKL6RW9RLeMTJDvjyLiDI/Q7ZbqJWS8R2DmP+Hc/j7nXujo1MBkO6OG7RrlsFNEbpdR1tCGxYhkC6f6F0qkDpsrBJbsd9TFTbC9NVDfaiYwDgHOnbc5h3Zn54XjHOi7cTG6V/bd7T2RBNQpe4HAOEPR0ywG3Q5q+9w60Ag5F28K1LVaBQGur7u5FtVGeFDF7karS3PwYOQPjZR8rDYBeB8J7084Ori2Rt29Ggl3I3HXIA13SKiLyQdMID0C+hNyMIFoAjTIa/q5i3HEXcZyAPJHZHbEwQRMIN8EdG1fhBzIdf5cvoti603ABIpEgBfEB3lR1H1p3sBy6WV+w0Ddtqlhs0Z4nI+oV/U2bD9FWe5plCE6ekbfsZFO1bEhVdtZ3Hweo9Q7Ws7IZmEOGMwHp2ebKXbzODaqLKrf0KDRQVkPd2HgK8hsgYbqOtMosjyGdTF6kQjDL4jQ7VlVrtuxXBvbAuA/SEgPezlCzyHOosR9p2fBueAtEeDcuYhzSPeiDeok9C77QzsX1EnCu0sEdgskMQq9TambkYH6bVXj/JiTDJYLyGQDdPthtzuhBsCqoTKIfT9F5FwLCfvBW50wbg9Rts64BOD2d/iNYe8J4x5puqXnVzvhmmKyggmkQyC0V206uTmVwhGggX4MchoFU2PYrsjLhSukC2QCvUGg7HhbmGt6SzvfeqPSXUoTyCEBPXOEhvV5Ie3at8TIe3zkAIyVQ0PON4WJkMvZ3+/rrfo/akScu/7hcY48yct3Q4feONpd2sBGjRy6NyJ7Nd5kPagH8YSBRqpx5MFA3a6pUU9fkvkZEQZsyvms94A8Bl2foUHO4DtClXtdj/PoJRiENtILl+6JMeed4jiYQDUBjVx6v3pnafvXnJdv1Tnm3YEEuN/PhGpo56YrYZ4J51upeKcEFnN89HYI1LVaFQHqXM872yAamRUS1C6tqSinDVG2Tl8CMD+RvTH/ueVEyk64kM4y5ThemoAJJCBgB1wCaI7SlwCN9aOQkzhiR1xfPN5jAlkmoAZR9eiW420L5IksG2vbTMAEep7AWRBQj+qQoFEVmgqt44FGBPWyHooMQiZAKsPMbFyBziSVO8vr7Nfz+X7l7YDlPwJ0sqIS44DbLCtGN7Bj8wbHqg89TANJXr6jKke3ng9CghoqjwhRzJIO19km2LNUhE0nUX/qrOQQSABeGvmrZ8zQoE4TSRoQQ9O3XsEJcM69QRF/XaOYN3BsSI393hVPYHuihHY8OTk++bbG0BTL7wXmsCP3I/2/OSQgwPX2HNH2jIg6K7p69nBISADmcsINQNSRKibYCRdDy7omkJCAHXAJwTlabQJVjjg9nD1fW9N7TcAEukxAPdPORhbkut3Kjrcu14azNwETCCLAy+WbKJ4TpPyN0to0oIT21I5Itr4q+W3FUU29tlx9re8sybF6PbHVAP29BnErD2m6tjw1Kt5SaXyT9eVhOU8Tna4dxrYpyXzjCAPuiNDtqirX2csYoIbK0LAJPNYMVe62HrZq6tBjI+z4CF03DEYAq1DV/WxExXaz1aOpn+83U/JxE6hHgPvXWRy7ruK4RuHsVLHt1YQEuDbVfhjK8kV0b02YVVuicW58TsKhz0yzoatpih0SEoD36US9PCL6RpxjO0foW7WKAMzVvrMtksQJdwv8Z6hK0psmYAIpEdAfqIMJpE6g5Ig7g4TnRzZH8vDNi9Q5OEETyCABvYTqI73zcJ0OQJ7LoI02yQRMwAQaETiSg6Gjc5TO33ihnKpRgmkdI58fktZ5SEh++h7cPpV5sz0L24dV7muyfjQv2/quWl7CnRj6XoSxWf5ez0DKMWlEWf4ZoZsF1aMijfgH568cW3kIGpmqxtXQcALX2Yehytb7HwG4aTrAmMZAjQy+gHNJSwcTSEpgFyLKca6wH+fhiG9W/dsigTWJrxH+IeE0uGdx1HC9zk+1ymRnUC0qcft2RP31iCjHcv9fKELfqlUEuO70HhLzv1tOQe8wt8LfTrgyES9NIEUCdsClCNNJ9SVA4/6XyMWIbuZrIDE9n/sm6D0mYAJJCWiUxMFIf67HPRG/iCYl6XgmYAJdJcCLpToOnBthxBzoqhdu2wO26RtfB0VkdBQvuj+VPktNmanpvDWyKiS8jdLxIYpZ0YHPaGyJ6Q29M1zklMxUwCY53n4XYZRGlN0bod91VerqYYy4OMIQjVbU+ZvpQN2tj4F7RhipRvy/RuhbtYoA59Lt7PpL1e5Gm4tw0MwbEfKxhgQ45/SeszdyK5Kr/8mGBev+wV0DTVAnqTMDdTuqxrmhzy0MC8x0Tf4z5g7UtVoNAvBWG8SAGofq7dLzlTphTFxPwfubE4C7nHCbInrujgkLo2wnXAwx65pAIAE74AJBWa11AjT434SsRkpLIhcgY1pP1SmYgAk0IaCG6j2QObn+/oSMbKLvwyZgAiaQBwJ/xEhNJRQafsbLvO6FnQiHksk/AzPSs/iF2DYfy18hcg6EhoN5wc7jqJyLQguInkbB/ClCv1Oq+5DRzBGZXUpdZXEkQLMiHIBCTOPN1pzLodOTNcs79ePYNheJnh2Z8GHUnZ+dIqHVUNc9W07d0PBL6mu9UGXrmUA1Aa5bjcBaFfmy+pi34wlwPc5BrLUDY14N95hRT4HJpqYWOgpuPHLUCC6HFghwLtxI9L9FJLEourGj8COS7w1VuF9GSfW925jnOMGxE04UHEwgZQJ2wKUM1Mk1J4AD4AFkKzT7I0cg7yIOJmAC6RK4leTUkLsA19s/kE/STd6pmYAJmED3CPBSOYLc/xxpwXE0IK0bGSdaHdvkaNkOeSQw8tTo3YQcE6gvNTVkhzYgRSTbEdWbyeXFiJx2pN5WjNBvqyq2LEgGf4jMJPMjw2qVh3NZnXiOrXWswT5NRalZLzIVsGkGDNJ3oXS9hQaV/7hQZevVJ8C5NIqjWyOf1dfqc+QM6q1fn73eYQIm0A0CckSFth+e2g0DI/LUN07fC9TfnvvQRIG6VqtP4Pccerz+4T5HfgX3dfrs9Y4oAvz3/osIdsJFUbOyCbSHQOgfaHtyd6o9TQCHwKvI/kCYDdkZ0XQADiZgAskJfEHUM5BFubZWRa5C3OszOU/HNAETyDYBdeJ5OsJEPfdezAv9qhFxEqnywvspETdE3gpMYE70Qp/LdV/fmTzGBKadKTXslv0xzkbZP4R6m6nbBcGGybDhAmTiCFs0EiDmPI1IuiOqfyKXGIfphOhfAatVOmJdQCbYMi1qNyILBKhXqug607OVQwoEYPkkyfwmIqnp0T2b+gu9N0YkbVUTMIFQAlyDuq/vEKj/CnrXB+p2RY170edkPCQwc3Xe2DhQ12p1CJSYqxOGOmOEhjM592YJVbZebQKwlxNOI8pjOsAoMY2Eu4s6UHutgwmYQIsE/DDbIkBHb50ADoLPkFNISTf4lZGLkdGIgwmYQBiB51FTg8ZsXEvbI4+FRbOWCZiACeSXAC+UahgfgOhbI6FB35a4jpfJTUMjJNXDvpeIq0abtJ9pDift+5PalZF4+ibf6xG2zIHupdSbHGBdCeQ9Phmfg/wg0oBBkfqZUudckzP5F8hXEYbpOrsaZnJCdzVgg86dO5HYejuRst/aVeOLmfmJFOvaiKLp8wUxTruIpK1qAiYQSECzqswcqHsG986Y57LAZFNXU/tTaNglVNF69QlwXjzK0f3qa/Q5IuenOmGM1+eId0QRgP0NRNAsILFOuPmIM5Q6sBMuiriVTaAvATvg+jLxni4RwGnwFTIU2RwTZkcOQNR45WACJtCXgF5sLkM0zdN8XDdHIyP7qnmPCZiACRSXAC+U91C6QyJLqJ7cGgk3CJkgMm6UOvbdRYQ0G26SlDfK5k4ow0UNAH+MzGtZ9OXUmTwyXsvq5Knpp9RbPrYX/CWU9d6WDehyApThdkyInfJVTrjLYHcgIudlxwP5rkKmclYvFJm5ZuXQd/4cUibAuSRH7kDk7YikD6MufxShb1UTMIF0CewWmJyu7zMCdbuqxr1I9/lhgUasyD0o9n8kMOmeU9O01rdElHp1dN0JIwJYPVXOeXUqSuKEm4d4dsLVA+v9JhBI4P8C9axmAh0lgCPhTeRwMp0b0Z/E5Ugup1rCbgcTSJPACySmRss5uEZ+htyExPRKT9MWp2UCJmACWSCgEUbXJTBEHX3+TaNK7LR0UVnxwqvGqJiPz9dL/y0ObEp6aY+oq5dfu/eLS+xIvpWJM4w6U2NARwJ5zUhGGrGzVWSGn6BfpEajP1Ce2yIZqNf6IcgdcJw3Mm5idfKaFNE1p0Y+1V9M+AjljbjOYnuJx+TR07qwfRMA20dAUEeJC6jT70bEsaoJmEAKBLjuNAJmlcCkruf6zlMH6phRcDsFMrBaAwKcH2q32A4J/QafUlMnjCW04tAaAfjfSgrqwP1hZEp2wkUCs7oJVBOwA66aiLczRQDHwpfINYh6HPdD1BvV0+tlqpZsTAcIfEoe5yBqeJyX6+FQ5LUO5OssTMAETCDzBHiZ/BIjt0SeTGDsksR5hBf7o5BpEsQPjaLnl5tClWvo6Xslcgq8UuNYLneV6m0gxmsq0ZigqQQfor52QNr6LkP6ev58BFk1xsCS7m8p44gE8TIZhbJo5P1myLMJDFyGOI/CU41oUyeIHxRF5wPyc5T/i/wqKNK4SrqXbE5Znxl3t7fSJgDjq0jz5Ih05cD9R4S+VU3ABNIhEDOK//R0suxYKpeQU6gjaAD/L5N1zLICZ8T9/1WKt3NEESdE90L4uxNGBLR6qvAfxrFWnHBz1Evb+03ABOoTaOtLa/1sfcQE4gngcHgbOQZZlNhqMDsBCX1gis/QMUyg+wTuwoQdkZk577dFNEWrR7t1v15sgQmYQMYI8DL5ASatheilPjZMQoR9kRd5uT8UmTM2gUb6pDcLx/dHkvbelVPg55Tx343yyeMxyvQ4dv82ge1TEudU5H74ro+k+k5Deisjt5L+pYjqLzb8iwgnxkbKuj71NRIbdZ1pNGZs0JSUug6eg+3ByOyxCdTTJ63JEY2oehhRh6W56uk22b8zZUwymrZJsj5ch8De7I9xdm5HPW9ZJy3vNgETSJkA15uejwYEJquRrfrvy03gfq/OTUMCDZ4Kvc0Dda3WhADs5fw8u4la5eH52BhcucPryQnA/15iJ3XCafYQdYpxMAETiCAwQYSuVU0gMwRwQjyAMQ+MvmiWvViuiWyFrI+4VxIQHHJNQI2R5yEXcp4PZ+lgAr1GQD1MV8pDoXl5OTgPdvaKjdTHS6Vz507KPHOCcqtxRdPsHUA6N7JUQ9INpPs8y6hA/AWJsCqyHrIaMj6SNAzEBjmCChko22B4/YjCbZOggEsQ50rkedI4h+VlpJdopgTiqzFhY0TPlIshScPTRNwGOwrZYYZyibXOaTkop08AaTriHITo23DXs9RIqBtJ9wWWwYG406Ksa0zvAZsiUyCthN2w4bRWEnDcOALw/pR61PV2DzJBYOyTiHM3cYcH6lvNBEwgOQHdW3WvDQlncV3mcYrsUyjcniEFRGdX5MxAXas1J7AHKisgoZ1mfsH9X8/lFzVP2hrNCMDxXnhqhqUbkJjnuVnR1zfhViKN55rlk+Pjk1DGg3Ni/1PUxYU5sbVnzQx90O1ZQC54tgngoNBDnl7cr8IZpyHpGyB6kVNvDp/fQHDIBYERWHkBch7ndKKGw1yU0kaaQBiB7cLUMqF1cCassBHfEtCLIC9Ly7PjZmTObw/ErYyH+k9L8h3Se4X1/yKa4vIl5H3kI2QsokZ/PX9oRNYCJfkeyzSns1yK9M5Gihx2oHD9EDlUkoR5iHSwhPrS6Cx9W+4hRP+vEtXXZ4jCJIjqTQ0IOkcWQZYubbNoKWgE5pqchx+2lErGI1O+x+C8ImbeiIhjkvB/RFq7JLrOVE+6zp5CdJ1pVKs4fono+lKdybG+ELJgSZRGq0Hp70KZTm01IcePJwD3B6n7PxLz8MDYOhfOJ84KxB0TGMdqJmACyQjI4RQactmBgfvIE9xPhlHI5QIKuiS6SxBHzxcOLRKA40fw/DnJ3ImE/p+fTJx7iTu8xewdHQI6l+G5Cqu3InbCjXtWTMzmQePuyuyWOiPaAZfZ6vnGsAkybp/NM4FgAjguPkZZI4fOwxmnnlrrIz9D5IybCHEwgSwReAFjNPXCZcj9nL9fZck422ICJmACeSXAy6SccD/B/quQH6ZQjtlIQyKnXDfCrpTnccqlqbcLGSjbKMqo57arkZVbLOSMxF+nJC0mFRVdzjf1Bh4eFSunypRTjZbLYP6/kFZGDJYJzMGKZK3yjg4sPyGPrSmLGi4cukfgKLKWMzakAVxW6v6uRrEDteFgAiaQPgHu74uSqq61kHAb99HnQhQzqnMKdoXef3ZBd6eMliN3ZnHeaDrDwzA89H4+FbrnEUedMNQRzqFFAnBUpyo74Vrk6Ogm0IxAaC+DZun4uAlkigDOjHeRs5D1MGwGZEtEjo5PEQcT6BaBJ8h4ELIY5+Y8yO+R+xA737pVI87XBEygkAR4mXydgq2AFGXkmKZpXK2QlVUqFHWmZzQ5zvS8lregUVvLUoY8N0BGM6e8I4ikRss8TgelulqGMtj5Fl3z6UagDtSIug0SM3J0fzXApmuJUzMBE6ggIEdTaDgtVDGjeuoU+16gbVtz75kyUNdqYQQOQe2+MNWvtdT5548R+lZtQoD/4cdQWRFRZ7KYoFkQNB2lZidwMAETaEDADrgGcHyoGARwbnyI6HtaGg2nYdXrIichryAOJtBOAqNJ/Fbk18j8nIPfRw5EHm1npk7bBEzABEzg62lVPuWFcgAsBiIf5ZzJ+Nh/CS+4C+S8HA3Np740TeQmyJ+QLxsqZ+egHDhLYbumTey5QLk/Rrag4Gqs1YiyPAQ55jWNmJ/HMlJb1MVwTPllhDlqx9AoiGki4ljVBEwggADXlab8/XmAqlTeQS4N1M2kGvefzzFsSKBxk6GnDgMOKRGA/xiS2hqJeYb4A+fp8imZ4GQgQD2os/hKSBIn3O3UxyLEdTABE6hDQA+uDibQMwRwfHyGXIPsisxOwRdH/oDci+SloQdTHTJM4G1sU8POZsj0nGerIschz2bYZptmAiZgAoUlwAvlmRRuYUTTG+Y5TI3x/+IFV8vCBurrK+RgCrgKkmWn1sfYtxuyEfbGjNwhSvECDE6mVGp8uSHDpRuObetg6wAk7075DGNOZhp1ci4xY0ZTzob+qclycywTMIEGBDR70BQNjlceOpdr94vKHTld1zSUoSFmdGBomj2txzn0HAD2ioCgtmx3wogAFqJaqoeV0I11wmmgw612woVQtk6vErADrldr3uX+mgBOkUeQw5Cl2aGpKtXrWi9yLyIOJhBCQC8cNyO/Q5ZAZuJ8GoBcgvR8gxw8HEzABEyg6wR4oRyBrIchEvXwzEr4AEMGI6GNV/OjezEvuBoRV+hAfd1OATWlzRGIpqfMStC00RciC2HjiYi2HSAAixeRNVndGHk6Q1D0PHYQojq7NkN22ZS+BNSwHTNLyc+4H/p7TH05eo8JtEJAnUtCQ4zjKjTNjuvx36Bnw2GBGS/MfWe5QF2rBRKgDk5D9YpAdampQ30hzr+IMrddlXqQM3QF5PnIzOyEiwRm9d4iYAdcb9W3S9uAAM4SfTfuUmQnZG5U50X08HkpolFNDiYgAmORB5C/Imsg03C+rI4chTyMuCEOKA4mYAImkEUCvFRejV2LIFshj3bRxrfIWw6B/ti0J8sdImxZHd3jIvRzqwobTSO6PwXQM9nxyKguF0bTTS6OTVsiL3fZlsxmD5vLMU6jTrdDuunw1jd9BiHzYNMhiKY4dcgwAerofczbBol5nj6WxvAFM1wsm2YCuSHAtbQUxi4WaPDdXLPdvMcHmhmsFuPM2Tk4VSvGENgR5dcjImzCOas4DikS4Lp+geRWQuyES5Grk+ptAnbA9Xb9u/QNCOBIeR45EdkEmRHV7yG7IucjsUOyieKQUwKjsfsuRD3w10Km5nxYEtkXuQlxYw5QHEzABEwgLwR4qfwSuQB7f4CsjOh/Xd//aHdQg7JGTG+LzI4NcgiosVkjh85l8WetB4bdaXDQSJGeCPB5Hdmdws6K/AZ5poMFVyesvyDzYcOGyH86mHdus4LTGGQIBZAjbjXkYqQT1xnZfOceZHtkNmw4EBmpnQ75IEB9DcVSXXOhYTIUL+CeOHFoBOuZgAnUJaD2jtAQ47AKTbObepeQuTpuhITNuOdoxI9DigRK/9cDI5M8jrpYIDKO1ZsQoC5eQWUlJKkTTs58BxMwgRKBCUzCBEwgjACOlqfQlJykGKMvmmUeFvpT+UlpqYa8CRGHfBN4HfPVcHMvcjfyAHX/KUsHEzCB5ATU+JnlbzklL1l2Y2qkUChzjcbqucCLpRxiQyW8uH+X5TolWYPlTEgaQd+ZGopcg1xFnq+xrBf258D3kXXrKVTt/17VduE3Sw0zR1Nfx1BY9dDXlKKqtyWRNDsWqkf/tYjqbRj5jmHpkIBA6Tq7hai3UG9TsFwfWQvRdTYDkkZQZ6g7keuQy8hzRBqJ5jgNPbeG3v/fzWg5D8QuXddzB9o3DXq7I0cH6lstHQKa3jX0XOuF+6jKGMpD7DIVuEdPjkE/RkLKoA4V6lhRmMB/x+cwOIEC/TywUHr+ODtQt5NqIfUnexo9k3bS3nHyoh6upx6OYufm4xxovHEkcX5G3C8bq3XlaGh9yOGVqQDPV+C6IkZdhMwWadwppTp5LjJeu9V13k/d7kw6nH5PvstXMY55Hvm4Km5HNsfrSC7OxAR6gAAOuUko5hLI0oheGBdH5kd8nQEho+ED7HqoJPexvBtnm6eUymhl2SwTMAET6BQBXhjLnWw0XaV61fZHNPpqWqRWBzY5mfXyo5dsddZ5AtH/yn95eR3LMiiQrxwU/0YWbhBBvbMHku4VDXR66hDc1GiojlA/RL6PzFGSmVmqYb7Ws5he1NTpRv/7kieRByWw1fOBQ5sJUG96TtYzs66zBZH+yCzIdMj4SHWQs+htZDjyLPI4oue4h6kzNXw7mIAJmIAJmIAJmIAJmIAJmECmCNR6Gc2UgTbGBPJMAKecGoTUQ1vOODUMyUGnHuuTIg6dJaDGtUeRh8uCs+3Fzprg3EzABEzABPJOAKfBdylD2Qk3ioZ/jTZJLZD+XCR2PyInRHW4kx1bkWfmeslWG5qlbZjKmSPnpsIn8NP00g4ZJlB1nWma1vczbK5NMwETMAETMAETMAETMAETMIGaBOyAq4nFO02gfQRwymmKpP6IercvVBKtq4f9ZIhDawTkaNPIA4l6Rn+9jrNNPd0dTMAETMAETCDzBHA+rICRNyPlqa01pc6fkMNwRASPqEPfwQRMwARMwARMwARMwARMwARMwARMoEsE7IDrEnhnawK1COCc0/RW85RkXpbzldb7s5wWceDze0BQz//nEc0nXRZtP4+jTd8BcTABEzABEzCBXBPACbcTBTgZUccSjXoblusC2XgTMAETMAETMAETMAETMAETMAET6DECdsD1WIW7uPklUJrOcnZKoO+aaFmWfqxPj5SXE7Ge16Dv2ugbOm+WRI42NTxqOaIkb+Jk00gABxMwARMwARMoNAGccAMp4OU43/T/6GACJmACJmACJmACJmACJmACJmACJpAjAnbA5aiybKoJhBDAUTcNejMhcsrp+zFTV4iOlbc13aWcddrWFFf6Xp2kPN2VvnEzPtIsfIzC2JLSRyxHIVp+XhJN/ajv4+jbHWpA1LJSRrL9BvI2jjXFdTABEzABEzABEzABEzABEzABEzABEzABEzABEzABEzCBXBP4f0CcHEIN9UDDAAAAAElFTkSuQmCC"></image></defs></svg></a></li><li><a href="https://www.vintagecellars.com.au/" aria-label="Vintage cellars Australia&#x27;s fine wine specialist since 1951" data-testid="Coles Vintage Cellars" class="sc-8aaed458-9 dIiIvA coles-targeting-FooterColesBrandLinks" target="_blank" rel="noreferrer"><svg focusable="false" xmlns="http://www.w3.org/2000/svg" width="100%" height="100%" viewBox="0 0 470 282" fill="none"><rect width="470" height="282" fill="black"></rect><path d="M165.098 97.4268H170.736V132.181H165.098V97.4268Z" fill="white"></path><path d="M235.696 132.181H230.058V102.268H220.88V97.4268H244.884V102.268H235.696V132.181Z" fill="white"></path><path d="M316.319 114.37C316.369 115.782 316.42 116.851 316.42 117.628C316.42 127.492 310.489 133.079 300.374 133.079C294.696 133.079 290.288 131.435 286.92 128.036C283.542 124.494 281.707 119.757 281.817 114.865C281.75 112.432 282.186 110.013 283.097 107.757C284.008 105.501 285.375 103.457 287.111 101.753C290.69 98.3762 295.454 96.543 300.374 96.6502C302.88 96.5634 305.372 97.0656 307.649 98.1166C309.926 99.1675 311.925 100.738 313.485 102.702L309.35 105.818C308.273 104.511 306.912 103.468 305.37 102.769C303.828 102.07 302.147 101.733 300.454 101.784C293.022 101.784 287.676 106.988 287.676 114.804C287.676 122.62 292.971 128.026 300.505 128.026C307.02 128.026 310.903 124.768 310.903 119.615V119.131H302.572V114.37H316.319Z" fill="white"></path><path d="M325.002 97.4268H344.397V102.268H330.64V110.941H344.397V115.893H330.64V127.128H344.397V132.171H325.002V97.4268Z" fill="white"></path><path d="M208.385 97.4268V121.531C207.211 120.043 205.945 118.632 204.592 117.305L183.937 97.4268H182.556V132.181H187.76V107.976C188.752 109.372 189.873 110.672 191.108 111.859L212.197 132.131H213.609V97.4268H208.385Z" fill="white"></path><path d="M262.563 97.4268L246.427 132.181H252.357L256.391 123.235H270.097L274.031 132.181H280.011L263.875 97.4268H262.563ZM258.428 118.525L261.978 110.598C262.502 109.323 262.924 108.007 263.239 106.665C263.598 108.002 264.039 109.316 264.56 110.598L268.1 118.525H258.428Z" fill="white"></path><path d="M152.794 86L138.21 121.914L123.627 86H117L135.033 129.741L138.21 137.405L139.229 134.955L141.387 129.741L159.42 86H152.794Z" fill="white"></path><path d="M168.436 155.852H187.83V160.663H174.074V169.366H187.83V174.328H174.074V185.553H187.83V190.596H168.436V155.852Z" fill="white"></path><path d="M197.926 155.852H203.564V185.553H216.201V190.596H197.926V155.852Z" fill="white"></path><path d="M225.368 155.852H230.966V185.553H243.603V190.596H225.368V155.852Z" fill="white"></path><path d="M295.15 190.606H289.855V155.852H297.721C301.463 155.852 304.236 156.144 306.375 157.798C307.477 158.733 308.352 159.906 308.934 161.228C309.516 162.551 309.789 163.989 309.733 165.433C309.733 171.02 307.01 174.177 301.755 174.812L313.717 190.606H307.353L295.785 175.054H295.15V190.606ZM296.521 170.677C301.473 170.677 303.954 170.092 303.954 165.917C303.954 161.742 301.564 160.763 296.521 160.763H295.513V170.728L296.521 170.677Z" fill="white"></path><path d="M323.227 181.57C324.054 184.676 326.384 186.33 329.934 186.33C333.484 186.33 335.431 184.313 335.431 181.176C335.431 177.778 332.849 176.95 329.258 175.196C323.086 172.17 319.677 169.85 319.677 164.606C319.677 159.019 323.812 155.075 330.126 155.075C335.279 155.075 338.83 157.163 340.141 160.814L335.723 163.093C334.362 160.955 332.758 159.936 330.57 159.936C327.544 159.936 325.608 161.691 325.608 164.313C325.608 167.662 328.331 168.691 332.224 170.486C338.345 173.3 341.21 175.781 341.21 180.793C341.21 187.258 336.883 191.534 329.692 191.534C323.762 191.534 319.879 188.71 318.709 183.657L323.227 181.57Z" fill="white"></path><path d="M351.87 156.608C352.232 156.971 352.519 157.402 352.712 157.876C352.906 158.351 353.004 158.859 353 159.371C353.008 159.893 352.909 160.411 352.71 160.893C352.51 161.375 352.214 161.812 351.84 162.175C351.095 162.911 350.088 163.32 349.041 163.314C347.994 163.307 346.993 162.885 346.257 162.14C345.522 161.395 345.112 160.388 345.119 159.341C345.126 158.295 345.548 157.293 346.293 156.558C346.651 156.192 347.08 155.904 347.553 155.71C348.027 155.516 348.534 155.42 349.046 155.428C349.572 155.425 350.093 155.528 350.578 155.73C351.063 155.933 351.503 156.232 351.87 156.608ZM346.706 156.971C346.068 157.607 345.705 158.47 345.698 159.371C345.692 160.253 346.03 161.102 346.64 161.739C347.25 162.375 348.084 162.749 348.965 162.78C349.419 162.782 349.868 162.694 350.287 162.521C350.706 162.348 351.086 162.093 351.406 161.772C351.723 161.472 351.976 161.111 352.15 160.711C352.323 160.31 352.413 159.878 352.415 159.442C352.423 158.995 352.341 158.551 352.176 158.136C352.01 157.721 351.763 157.343 351.449 157.024C351.135 156.706 350.761 156.453 350.348 156.281C349.936 156.109 349.493 156.022 349.046 156.023C348.612 156.015 348.181 156.095 347.779 156.258C347.377 156.421 347.012 156.663 346.706 156.971ZM349.147 157.092C350.387 157.092 351.013 157.516 351.013 158.292C351.028 158.586 350.934 158.875 350.747 159.103C350.56 159.331 350.295 159.48 350.004 159.523L351.013 161.54H350.004L349.127 159.694H348.441V161.54H347.493V157.112L349.147 157.092ZM348.39 159.109H349.016C349.712 159.109 350.024 158.918 350.024 158.433C350.024 157.949 349.681 157.727 348.955 157.727H348.38L348.39 159.109Z" fill="white"></path><path d="M265.811 155.852H264.54L248.404 190.606H254.324L258.358 181.66H272.114L276.058 190.606H282.028L265.811 155.852ZM260.415 176.951L263.955 169.023C264.479 167.747 264.903 166.432 265.226 165.09C265.578 166.428 266.016 167.742 266.537 169.023L270.087 176.951H260.415Z" fill="white"></path><path d="M156.515 187.117C153.05 188.978 149.173 189.942 145.24 189.92C142.309 190.005 139.404 189.347 136.796 188.006C134.188 186.666 131.961 184.688 130.323 182.255C128.022 178.807 126.823 174.742 126.884 170.597C126.884 159.049 134.771 150.991 146.046 150.991C149.743 150.985 153.388 151.864 156.677 153.552L160.368 149.518C156.02 146.633 150.912 145.106 145.693 145.131C142.316 145.06 138.958 145.662 135.815 146.902C132.673 148.142 129.808 149.994 127.388 152.352C124.998 154.723 123.115 157.555 121.851 160.675C120.587 163.796 119.97 167.14 120.036 170.506C119.98 173.864 120.594 177.2 121.845 180.318C123.095 183.435 124.956 186.271 127.318 188.66C132.058 193.329 138.462 195.81 145.835 195.81C151.047 195.949 156.173 194.45 160.489 191.524V191.474L156.515 187.117Z" fill="white"></path></svg></a></li><li><a href="https://www.coles.com.au/insurance" aria-label="Coles Insurance" data-testid="Coles Insurance" class="sc-8aaed458-9 dIiIvA coles-targeting-FooterColesBrandLinks" target="" rel="noreferrer"><svg focusable="false" xmlns="http://www.w3.org/2000/svg" width="100%" height="100%" viewBox="0 0 470 282" fill="none"><rect width="470" height="282" fill="#E01A22"></rect><path d="M193.204 142.655L189.77 141.879C187.009 141.243 185.298 140.452 185.298 138.464C185.298 136.678 187.027 135.568 189.809 135.568C193.346 135.568 195.296 136.981 195.449 139.657L195.452 139.706H201.14V139.654C201.14 137.029 200.11 134.81 198.161 133.239C196.187 131.65 193.371 130.81 190.015 130.81C186.774 130.81 184.073 131.623 182.203 133.162C180.371 134.67 179.403 136.807 179.403 139.343C179.403 141.557 180.072 143.175 181.509 144.431C182.817 145.575 184.831 146.455 187.849 147.203L191.9 148.238C194.661 148.935 196.065 149.629 196.065 151.498C196.065 153.7 194.001 155.066 190.681 155.066C186.69 155.066 184.627 153.458 184.375 150.147L184.372 150.027H178.634V150.151C178.634 156.363 182.838 159.928 190.169 159.928C193.824 159.928 196.827 159.081 198.852 157.478C200.852 155.898 201.909 153.579 201.909 150.774C201.909 145.662 198.85 143.977 193.204 142.655ZM171.296 141.727C170.032 137.518 166.428 136.006 163.783 136.005H163.782H163.78C161.135 136.006 157.532 137.518 156.266 141.727H171.296ZM177.56 145.226C177.561 145.722 177.54 146.211 177.501 146.686H171.663V146.682H155.9C156.507 151.449 159.941 154.442 163.782 154.441C166.62 154.441 169.235 152.803 170.651 150.027H176.892C175.058 156.219 169.7 160.002 163.783 159.998H163.782H163.78C156.458 160.003 149.987 154.207 150.004 145.226C149.988 134.39 158.145 130.739 163.78 130.736H163.782H163.783C169.42 130.739 177.575 134.39 177.56 145.226ZM141.764 122.002L141.76 159.284L148.117 159.285L148.116 122L141.764 122.002ZM134.079 145.369C134.079 140.519 130.183 136.59 125.377 136.59C120.572 136.59 116.674 140.519 116.674 145.369C116.674 150.215 120.572 154.146 125.377 154.146C130.183 154.146 134.079 150.215 134.079 145.369ZM139.881 145.369C139.881 153.45 133.388 160 125.377 160C117.367 160 110.872 153.45 110.872 145.369C110.872 137.288 117.367 130.738 125.377 130.738C133.388 130.738 139.881 137.288 139.881 145.369ZM86.8017 145.37C86.8017 150.217 90.698 154.147 95.505 154.147C99.0448 154.147 102.088 152.013 103.447 148.954H109.568C107.983 155.3 102.289 160 95.505 160C87.4944 160 81 153.448 81 145.37C81 137.288 87.4944 130.738 95.505 130.738C102.289 130.738 107.983 135.436 109.568 141.784H103.447C102.088 138.723 99.0448 136.589 95.505 136.589C90.698 136.589 86.8017 140.519 86.8017 145.37Z" fill="white"></path><path d="M218.502 159.508H215.727V131.5H218.502V159.508Z" fill="white"></path><path d="M241.811 159.508H239.186V147.964C239.186 145.693 238.586 143.914 237.386 142.627C236.186 141.315 234.661 140.659 232.811 140.659C230.861 140.659 229.299 141.328 228.124 142.665C226.974 144.003 226.399 145.706 226.399 147.775V159.508H223.774V138.805H226.399V141.454H226.474C227.124 140.445 227.999 139.663 229.099 139.108C230.224 138.552 231.449 138.275 232.774 138.275C235.573 138.275 237.773 139.158 239.373 140.924C240.998 142.691 241.811 145.037 241.811 147.964V159.508Z" fill="white"></path><path d="M257.161 143.914H254.536C254.461 142.93 254.136 142.148 253.561 141.568C253.011 140.962 252.311 140.659 251.461 140.659C250.586 140.659 249.849 140.962 249.249 141.568C248.649 142.148 248.349 142.88 248.349 143.763C248.349 145.252 249.536 146.387 251.911 147.169C254.261 147.952 255.836 148.847 256.636 149.857C257.461 150.866 257.873 152.178 257.873 153.793C257.873 155.685 257.286 157.199 256.111 158.335C254.961 159.445 253.398 160 251.424 160C249.624 160 248.124 159.407 246.924 158.221C245.724 157.035 245.124 155.471 245.124 153.528V153.376H247.749C247.774 154.739 248.111 155.786 248.761 156.518C249.411 157.25 250.299 157.616 251.424 157.616C252.623 157.616 253.561 157.3 254.236 156.669C254.911 156.013 255.248 155.092 255.248 153.906C255.248 152.948 254.948 152.165 254.348 151.56C253.748 150.929 252.836 150.386 251.611 149.932C249.486 149.15 247.974 148.38 247.074 147.624C246.174 146.841 245.724 145.643 245.724 144.028C245.724 142.363 246.274 140.987 247.374 139.902C248.474 138.817 249.874 138.275 251.574 138.275C253.123 138.275 254.436 138.817 255.511 139.902C256.611 140.962 257.161 142.299 257.161 143.914Z" fill="white"></path><path d="M279.049 159.508H276.574V156.291H276.499C275.924 157.477 275.061 158.398 273.911 159.054C272.786 159.685 271.474 160 269.974 160C268.824 160 267.736 159.836 266.712 159.508C265.712 159.18 264.774 158.675 263.899 157.994C263.024 157.288 262.337 156.316 261.837 155.08C261.337 153.818 261.087 152.342 261.087 150.651V138.805H263.712V150.349C263.712 155.193 265.799 157.616 269.974 157.616C271.824 157.616 273.361 156.972 274.586 155.685C275.811 154.373 276.424 152.531 276.424 150.159V138.805H279.049V159.508Z" fill="white"></path><path d="M286.638 159.508H284.013V138.805H286.638V141.795H286.713C287.188 140.685 287.863 139.852 288.738 139.297C289.638 138.716 290.888 138.376 292.488 138.275V141.076H292.45C290.601 141.252 289.163 141.908 288.138 143.044C287.138 144.154 286.638 145.567 286.638 147.283V159.508Z" fill="white"></path><path d="M316.141 159.508H313.516V155.875H313.441C312.591 157.161 311.466 158.171 310.067 158.902C308.667 159.634 307.129 160 305.454 160C302.354 160 299.742 158.953 297.617 156.859C295.492 154.764 294.43 152.178 294.43 149.1C294.43 146.021 295.505 143.448 297.655 141.378C299.804 139.309 302.404 138.275 305.454 138.275C307.154 138.275 308.704 138.641 310.104 139.373C311.504 140.104 312.616 141.126 313.441 142.438H313.516V138.805H316.141V159.508ZM305.454 157.616C307.729 157.616 309.667 156.795 311.267 155.155C312.866 153.49 313.666 151.497 313.666 149.175C313.666 146.854 312.866 144.861 311.267 143.195C309.667 141.505 307.717 140.659 305.417 140.659C303.042 140.659 301.054 141.479 299.454 143.12C297.855 144.734 297.055 146.766 297.055 149.213C297.055 151.61 297.855 153.616 299.454 155.231C301.054 156.821 303.054 157.616 305.454 157.616Z" fill="white"></path><path d="M338.926 159.508H336.301V147.964C336.301 145.693 335.701 143.914 334.501 142.627C333.301 141.315 331.776 140.659 329.926 140.659C327.976 140.659 326.414 141.328 325.239 142.665C324.089 144.003 323.514 145.706 323.514 147.775V159.508H320.889V138.805H323.514V141.454H323.589C324.239 140.445 325.114 139.663 326.214 139.108C327.339 138.552 328.564 138.275 329.889 138.275C332.689 138.275 334.889 139.158 336.489 140.924C338.114 142.691 338.926 145.037 338.926 147.964V159.508Z" fill="white"></path><path d="M361.213 153.414H364.101C361.901 157.805 358.501 160 353.901 160C350.801 160 348.189 158.965 346.064 156.896C343.939 154.802 342.877 152.153 342.877 148.948C342.877 146.097 343.952 143.612 346.101 141.492C348.276 139.347 350.876 138.275 353.901 138.275C356.176 138.275 358.238 138.88 360.088 140.092C361.938 141.303 363.276 142.956 364.101 145.05H361.213C360.463 143.637 359.438 142.552 358.138 141.795C356.864 141.038 355.476 140.659 353.976 140.659C351.626 140.659 349.626 141.479 347.976 143.12C346.326 144.76 345.501 146.753 345.501 149.1C345.501 151.497 346.314 153.515 347.939 155.155C349.589 156.795 351.601 157.616 353.976 157.616C355.551 157.616 356.964 157.262 358.213 156.556C359.488 155.824 360.488 154.777 361.213 153.414Z" fill="white"></path><path d="M388.417 150.122H369.743C369.843 152.165 370.693 153.932 372.293 155.42C373.893 156.884 375.693 157.616 377.692 157.616C379.317 157.616 380.805 157.174 382.155 156.291C383.53 155.408 384.492 154.222 385.042 152.733H387.817C387.042 154.928 385.717 156.695 383.842 158.032C381.992 159.344 379.955 160 377.73 160C374.805 160 372.293 158.953 370.193 156.859C368.093 154.739 367.043 152.178 367.043 149.175C367.043 146.173 368.093 143.612 370.193 141.492C372.318 139.347 374.818 138.275 377.692 138.275C380.692 138.275 383.23 139.385 385.305 141.606C387.405 143.826 388.455 146.4 388.455 149.327C388.455 149.402 388.442 149.541 388.417 149.743C388.417 149.92 388.417 150.046 388.417 150.122ZM369.743 147.737H385.755C385.38 145.643 384.442 143.94 382.942 142.627C381.467 141.315 379.717 140.659 377.692 140.659C375.743 140.659 374.018 141.315 372.518 142.627C371.018 143.94 370.093 145.643 369.743 147.737Z" fill="white"></path></svg></a></li><li><a href="https://www.coles.com.au/credit-cards" aria-label="Coles Credit Cards" data-testid="Coles Credit Cards" class="sc-8aaed458-9 dIiIvA coles-targeting-FooterColesBrandLinks" target="" rel="noreferrer"><svg focusable="false" xmlns="http://www.w3.org/2000/svg" width="100%" height="100%" viewBox="0 0 470 282" fill="none"><rect width="470" height="282" fill="#E01A22"></rect><path d="M167.204 142.655L163.77 141.879C161.009 141.243 159.298 140.452 159.298 138.464C159.298 136.678 161.027 135.568 163.809 135.568C167.346 135.568 169.296 136.981 169.449 139.657L169.452 139.706H175.14V139.654C175.14 137.029 174.11 134.81 172.161 133.239C170.187 131.65 167.371 130.81 164.015 130.81C160.774 130.81 158.073 131.623 156.203 133.162C154.371 134.67 153.403 136.807 153.403 139.343C153.403 141.557 154.072 143.175 155.509 144.431C156.817 145.575 158.831 146.455 161.849 147.203L165.9 148.238C168.661 148.935 170.065 149.629 170.065 151.498C170.065 153.7 168.001 155.066 164.681 155.066C160.69 155.066 158.627 153.458 158.375 150.147L158.372 150.027H152.634V150.151C152.634 156.363 156.838 159.928 164.169 159.928C167.824 159.928 170.827 159.081 172.852 157.478C174.852 155.898 175.909 153.579 175.909 150.774C175.909 145.662 172.85 143.977 167.204 142.655ZM145.296 141.727C144.032 137.518 140.428 136.006 137.783 136.005H137.782H137.78C135.135 136.006 131.532 137.518 130.266 141.727H145.296ZM151.56 145.226C151.561 145.722 151.54 146.211 151.501 146.686H145.663V146.682H129.9C130.507 151.449 133.941 154.442 137.782 154.441C140.62 154.441 143.235 152.803 144.651 150.027H150.892C149.058 156.219 143.7 160.002 137.783 159.998H137.782H137.78C130.458 160.003 123.987 154.207 124.004 145.226C123.988 134.39 132.145 130.739 137.78 130.736H137.782H137.783C143.42 130.739 151.575 134.39 151.56 145.226ZM115.764 122.002L115.76 159.284L122.117 159.285L122.116 122L115.764 122.002ZM108.079 145.369C108.079 140.519 104.183 136.59 99.3773 136.59C94.5719 136.59 90.674 140.519 90.674 145.369C90.674 150.215 94.5719 154.146 99.3773 154.146C104.183 154.146 108.079 150.215 108.079 145.369ZM113.881 145.369C113.881 153.45 107.388 160 99.3773 160C91.3668 160 84.8724 153.45 84.8724 145.369C84.8724 137.288 91.3668 130.738 99.3773 130.738C107.388 130.738 113.881 137.288 113.881 145.369ZM60.8017 145.37C60.8017 150.217 64.698 154.147 69.505 154.147C73.0448 154.147 76.0881 152.013 77.4471 148.954H83.5679C81.9832 155.3 76.2889 160 69.505 160C61.4944 160 55 153.448 55 145.37C55 137.288 61.4944 130.738 69.505 130.738C76.2889 130.738 81.9832 135.436 83.5679 141.784H77.4471C76.0881 138.723 73.0448 136.589 69.505 136.589C64.698 136.589 60.8017 140.519 60.8017 145.37Z" fill="white"></path><path d="M213.687 152.288H216.77C215.433 154.697 213.637 156.585 211.384 157.951C209.13 159.317 206.703 160 204.103 160C200.166 160 196.785 158.622 193.962 155.865C191.139 153.108 189.727 149.742 189.727 145.769C189.727 141.745 191.114 138.367 193.888 135.635C196.686 132.878 200.079 131.5 204.066 131.5C206.666 131.5 209.143 132.195 211.495 133.586C213.848 134.952 215.569 136.765 216.659 139.025H213.576C212.535 137.461 211.149 136.231 209.415 135.337C207.706 134.443 205.911 133.996 204.029 133.996C200.958 133.996 198.259 135.176 195.931 137.535C193.628 139.87 192.476 142.627 192.476 145.806C192.476 148.91 193.64 151.642 195.968 154.002C198.296 156.337 200.995 157.504 204.066 157.504C207.88 157.504 211.087 155.765 213.687 152.288Z" fill="white"></path><path d="M223.363 159.516H220.763V139.137H223.363V142.08H223.437C223.908 140.988 224.576 140.168 225.443 139.622C226.335 139.05 227.573 138.715 229.158 138.616V141.373H229.121C227.288 141.546 225.864 142.192 224.849 143.31C223.858 144.403 223.363 145.793 223.363 147.482V159.516Z" fill="white"></path><path d="M252.106 150.276H233.607C233.706 152.288 234.548 154.027 236.133 155.492C237.718 156.933 239.501 157.653 241.482 157.653C243.092 157.653 244.565 157.218 245.903 156.349C247.265 155.48 248.218 154.312 248.763 152.847H251.512C250.744 155.008 249.432 156.746 247.574 158.063C245.742 159.354 243.723 160 241.519 160C238.622 160 236.133 158.969 234.053 156.908C231.973 154.822 230.933 152.301 230.933 149.345C230.933 146.39 231.973 143.869 234.053 141.782C236.158 139.671 238.634 138.616 241.482 138.616C244.454 138.616 246.968 139.708 249.023 141.894C251.103 144.08 252.143 146.613 252.143 149.494C252.143 149.569 252.131 149.705 252.106 149.904C252.106 150.078 252.106 150.202 252.106 150.276ZM233.607 147.929H249.469C249.097 145.868 248.169 144.192 246.683 142.9C245.222 141.608 243.488 140.963 241.482 140.963C239.551 140.963 237.842 141.608 236.356 142.9C234.87 144.192 233.954 145.868 233.607 147.929Z" fill="white"></path><path d="M276.638 159.516H274.037V155.939H273.963C273.096 157.231 271.957 158.237 270.546 158.957C269.159 159.652 267.66 160 266.051 160C262.98 160 260.392 158.969 258.287 156.908C256.182 154.846 255.13 152.301 255.13 149.271C255.13 146.241 256.195 143.707 258.324 141.671C260.454 139.634 263.03 138.616 266.051 138.616C267.636 138.616 269.134 138.976 270.546 139.696C271.957 140.392 273.096 141.373 273.963 142.639H274.037V131.947H276.638V159.516ZM266.051 157.653C268.304 157.653 270.224 156.846 271.809 155.231C273.393 153.617 274.186 151.655 274.186 149.345C274.186 147.035 273.393 145.061 271.809 143.422C270.248 141.782 268.317 140.963 266.014 140.963C263.636 140.963 261.655 141.77 260.07 143.384C258.51 144.974 257.73 146.973 257.73 149.382C257.73 151.717 258.51 153.679 260.07 155.269C261.655 156.858 263.649 157.653 266.051 157.653Z" fill="white"></path><path d="M284.125 136.641H281.525V131.947H284.125V136.641ZM284.125 159.516H281.525V139.137H284.125V159.516Z" fill="white"></path><path d="M293.939 159.516H291.339V141.484H287.067V139.137H291.339V131.947H293.939V139.137H298.806V141.484H293.939V159.516Z" fill="white"></path><path d="M334.994 152.288H338.077C336.74 154.697 334.945 156.585 332.691 157.951C330.438 159.317 328.011 160 325.41 160C321.473 160 318.093 158.622 315.269 155.865C312.446 153.108 311.035 149.742 311.035 145.769C311.035 141.745 312.421 138.367 315.195 135.635C317.993 132.878 321.386 131.5 325.373 131.5C327.974 131.5 330.45 132.195 332.803 133.586C335.155 134.952 336.876 136.765 337.966 139.025H334.883C333.843 137.461 332.456 136.231 330.722 135.337C329.014 134.443 327.218 133.996 325.336 133.996C322.265 133.996 319.566 135.176 317.238 137.535C314.935 139.87 313.784 142.627 313.784 145.806C313.784 148.91 314.947 151.642 317.275 154.002C319.603 156.337 322.302 157.504 325.373 157.504C329.187 157.504 332.394 155.765 334.994 152.288Z" fill="white"></path><path d="M362.723 159.516H360.123V155.939H360.049C359.207 157.206 358.093 158.199 356.706 158.92C355.319 159.64 353.796 160 352.137 160C349.066 160 346.478 158.969 344.373 156.908C342.268 154.846 341.216 152.301 341.216 149.271C341.216 146.241 342.28 143.707 344.41 141.671C346.54 139.634 349.115 138.616 352.137 138.616C353.821 138.616 355.356 138.976 356.743 139.696C358.13 140.416 359.232 141.422 360.049 142.714H360.123V139.137H362.723V159.516ZM352.137 157.653C354.39 157.653 356.309 156.846 357.894 155.231C359.479 153.592 360.272 151.63 360.272 149.345C360.272 147.06 359.479 145.098 357.894 143.459C356.309 141.795 354.378 140.963 352.1 140.963C349.747 140.963 347.778 141.77 346.193 143.384C344.608 144.974 343.816 146.973 343.816 149.382C343.816 151.742 344.608 153.716 346.193 155.306C347.778 156.871 349.759 157.653 352.137 157.653Z" fill="white"></path><path d="M370.027 159.516H367.427V139.137H370.027V142.08H370.101C370.572 140.988 371.241 140.168 372.107 139.622C372.999 139.05 374.237 138.715 375.822 138.616V141.373H375.785C373.952 141.546 372.528 142.192 371.513 143.31C370.522 144.403 370.027 145.793 370.027 147.482V159.516Z" fill="white"></path><path d="M399.142 159.516H396.542V155.939H396.468C395.601 157.231 394.462 158.237 393.05 158.957C391.663 159.652 390.165 160 388.555 160C385.484 160 382.897 158.969 380.792 156.908C378.687 154.846 377.634 152.301 377.634 149.271C377.634 146.241 378.699 143.707 380.829 141.671C382.958 139.634 385.534 138.616 388.555 138.616C390.14 138.616 391.638 138.976 393.05 139.696C394.462 140.392 395.601 141.373 396.468 142.639H396.542V131.947H399.142V159.516ZM388.555 157.653C390.809 157.653 392.728 156.846 394.313 155.231C395.898 153.617 396.69 151.655 396.69 149.345C396.69 147.035 395.898 145.061 394.313 143.422C392.753 141.782 390.821 140.963 388.518 140.963C386.141 140.963 384.16 141.77 382.575 143.384C381.014 144.974 380.234 146.973 380.234 149.382C380.234 151.717 381.014 153.679 382.575 155.269C384.16 156.858 386.153 157.653 388.555 157.653Z" fill="white"></path><path d="M414.431 144.167H411.83C411.756 143.198 411.434 142.428 410.864 141.857C410.32 141.261 409.626 140.963 408.784 140.963C407.918 140.963 407.187 141.261 406.593 141.857C405.998 142.428 405.701 143.148 405.701 144.018C405.701 145.483 406.877 146.601 409.23 147.371C411.558 148.141 413.118 149.022 413.911 150.016C414.728 151.009 415.136 152.301 415.136 153.89C415.136 155.753 414.554 157.243 413.39 158.361C412.251 159.454 410.704 160 408.747 160C406.964 160 405.478 159.416 404.29 158.249C403.101 157.082 402.506 155.542 402.506 153.629V153.48H405.107C405.132 154.822 405.466 155.852 406.11 156.573C406.754 157.293 407.633 157.653 408.747 157.653C409.936 157.653 410.865 157.342 411.533 156.722C412.202 156.076 412.536 155.169 412.536 154.002C412.536 153.058 412.239 152.288 411.645 151.692C411.05 151.071 410.146 150.537 408.933 150.09C406.828 149.32 405.33 148.563 404.438 147.818C403.547 147.048 403.101 145.868 403.101 144.278C403.101 142.639 403.646 141.286 404.735 140.218C405.825 139.15 407.212 138.616 408.896 138.616C410.431 138.616 411.731 139.15 412.796 140.218C413.886 141.261 414.431 142.577 414.431 144.167Z" fill="white"></path></svg></a></li><li><a href="https://www.coles.com.au/personal-loans" aria-label="Coles Personal Loans" data-testid="Coles Personal Loans" class="sc-8aaed458-9 dIiIvA coles-targeting-FooterColesBrandLinks" target="" rel="noreferrer"><svg focusable="false" xmlns="http://www.w3.org/2000/svg" width="100%" height="100%" viewBox="0 0 470 282" fill="none"><rect width="470" height="282" fill="#E01A22"></rect><path d="M148.185 142.655L144.629 141.879C141.769 141.243 139.998 140.452 139.998 138.464C139.998 136.678 141.789 135.568 144.669 135.568C148.331 135.568 150.351 136.981 150.509 139.657L150.512 139.706H156.402V139.654C156.402 137.029 155.335 134.81 153.317 133.239C151.273 131.65 148.357 130.81 144.882 130.81C141.526 130.81 138.729 131.623 136.793 133.162C134.896 134.67 133.894 136.807 133.894 139.343C133.894 141.557 134.587 143.175 136.075 144.431C137.428 145.575 139.514 146.455 142.64 147.203L146.834 148.238C149.693 148.935 151.147 149.629 151.147 151.498C151.147 153.7 149.01 155.066 145.572 155.066C141.439 155.066 139.303 153.458 139.042 150.147L139.039 150.027H133.097V150.151C133.097 156.363 137.451 159.928 145.041 159.928C148.826 159.928 151.935 159.081 154.033 157.478C156.104 155.898 157.198 153.579 157.198 150.774C157.198 145.662 154.031 143.977 148.185 142.655ZM125.499 141.727C124.19 137.518 120.459 136.006 117.72 136.005H117.718H117.717C114.978 136.006 111.247 137.518 109.936 141.727H125.499ZM131.985 145.226C131.987 145.722 131.964 146.211 131.924 146.686H125.879V146.682H109.557C110.186 151.449 113.742 154.442 117.718 154.441C120.657 154.441 123.365 152.803 124.832 150.027H131.294C129.395 156.219 123.847 160.002 117.72 159.998H117.718H117.717C110.134 160.003 103.434 154.207 103.452 145.226C103.435 134.39 111.882 130.739 117.717 130.736H117.718H117.72C123.557 130.739 132.001 134.39 131.985 145.226ZM94.9199 122.002L94.9151 159.284L101.498 159.285L101.496 122L94.9199 122.002ZM86.962 145.369C86.962 140.519 82.9275 136.59 77.9516 136.59C72.9757 136.59 68.9395 140.519 68.9395 145.369C68.9395 150.215 72.9757 154.146 77.9516 154.146C82.9275 154.146 86.962 150.215 86.962 145.369ZM92.9695 145.369C92.9695 153.45 86.2463 160 77.9516 160C69.6568 160 62.9321 153.45 62.9321 145.369C62.9321 137.288 69.6568 130.738 77.9516 130.738C86.2463 130.738 92.9695 137.288 92.9695 145.369ZM38.0075 145.37C38.0075 150.217 42.042 154.147 47.0195 154.147C50.685 154.147 53.8362 152.013 55.2434 148.954H61.5813C59.9404 155.3 54.0441 160 47.0195 160C38.7248 160 32 153.448 32 145.37C32 137.288 38.7248 130.738 47.0195 130.738C54.0441 130.738 59.9404 135.436 61.5813 141.784H55.2434C53.8362 138.723 50.685 136.589 47.0195 136.589C42.042 136.589 38.0075 140.519 38.0075 145.37Z" fill="white"></path><path d="M174.409 159.508H171.507V131.5H180.293C182.202 131.5 183.863 131.752 185.275 132.257C186.687 132.762 187.759 133.443 188.491 134.301C189.25 135.133 189.799 136.029 190.139 136.988C190.505 137.922 190.688 138.906 190.688 139.94C190.688 140.95 190.505 141.921 190.139 142.855C189.799 143.763 189.237 144.633 188.452 145.466C187.694 146.299 186.608 146.967 185.196 147.472C183.784 147.977 182.137 148.229 180.254 148.229H174.409V159.508ZM174.409 145.693H180.881C182.921 145.693 184.582 145.163 185.863 144.104C187.144 143.019 187.785 141.606 187.785 139.865C187.785 138.25 187.184 136.875 185.981 135.739C184.778 134.604 182.869 134.036 180.254 134.036H174.409V145.693Z" fill="white"></path><path d="M215.627 150.122H196.093C196.198 152.165 197.087 153.932 198.76 155.42C200.434 156.884 202.317 157.616 204.409 157.616C206.109 157.616 207.665 157.174 209.077 156.291C210.515 155.408 211.522 154.222 212.097 152.733H215C214.189 154.928 212.803 156.695 210.842 158.032C208.907 159.344 206.775 160 204.448 160C201.388 160 198.76 158.953 196.564 156.859C194.367 154.739 193.269 152.178 193.269 149.175C193.269 146.173 194.367 143.612 196.564 141.492C198.786 139.347 201.402 138.275 204.409 138.275C207.547 138.275 210.201 139.385 212.372 141.606C214.568 143.826 215.667 146.4 215.667 149.327C215.667 149.402 215.653 149.541 215.627 149.743C215.627 149.92 215.627 150.046 215.627 150.122ZM196.093 147.737H212.842C212.45 145.643 211.469 143.94 209.9 142.627C208.358 141.315 206.527 140.659 204.409 140.659C202.369 140.659 200.565 141.315 198.996 142.627C197.427 143.94 196.459 145.643 196.093 147.737Z" fill="white"></path><path d="M222.586 159.508H219.84V138.805H222.586V141.795H222.664C223.161 140.685 223.867 139.852 224.782 139.297C225.724 138.716 227.031 138.376 228.705 138.275V141.076H228.665C226.73 141.252 225.227 141.908 224.155 143.044C223.109 144.154 222.586 145.567 222.586 147.283V159.508Z" fill="white"></path><path d="M242.621 143.914H239.875C239.797 142.93 239.457 142.148 238.856 141.568C238.28 140.962 237.548 140.659 236.659 140.659C235.744 140.659 234.972 140.962 234.345 141.568C233.717 142.148 233.403 142.88 233.403 143.763C233.403 145.252 234.645 146.387 237.13 147.169C239.588 147.952 241.235 148.847 242.072 149.857C242.935 150.866 243.366 152.178 243.366 153.793C243.366 155.685 242.752 157.199 241.523 158.335C240.32 159.445 238.686 160 236.62 160C234.737 160 233.168 159.407 231.913 158.221C230.657 157.035 230.03 155.471 230.03 153.528V153.376H232.776C232.802 154.739 233.155 155.786 233.835 156.518C234.515 157.25 235.443 157.616 236.62 157.616C237.875 157.616 238.856 157.3 239.562 156.669C240.268 156.013 240.621 155.092 240.621 153.906C240.621 152.948 240.307 152.165 239.679 151.56C239.052 150.929 238.097 150.386 236.816 149.932C234.593 149.15 233.011 148.38 232.07 147.624C231.128 146.841 230.657 145.643 230.657 144.028C230.657 142.363 231.233 140.987 232.383 139.902C233.534 138.817 234.998 138.275 236.777 138.275C238.398 138.275 239.771 138.817 240.895 139.902C242.046 140.962 242.621 142.299 242.621 143.914Z" fill="white"></path><path d="M265.007 156.821C262.784 158.94 260.156 160 257.123 160C254.089 160 251.461 158.94 249.238 156.821C247.042 154.676 245.943 152.165 245.943 149.289C245.943 146.261 247.042 143.675 249.238 141.53C251.435 139.36 254.063 138.275 257.123 138.275C260.208 138.275 262.85 139.36 265.046 141.53C267.269 143.675 268.38 146.21 268.38 149.137C268.38 152.115 267.256 154.676 265.007 156.821ZM257.162 157.616C259.568 157.616 261.581 156.783 263.203 155.118C264.824 153.427 265.635 151.396 265.635 149.024C265.635 146.753 264.798 144.797 263.124 143.157C261.477 141.492 259.476 140.659 257.123 140.659C254.795 140.659 252.808 141.505 251.16 143.195C249.513 144.886 248.689 146.904 248.689 149.251C248.689 151.522 249.513 153.49 251.16 155.155C252.834 156.795 254.835 157.616 257.162 157.616Z" fill="white"></path><path d="M291.416 159.508H288.671V147.964C288.671 145.693 288.043 143.914 286.788 142.627C285.533 141.315 283.937 140.659 282.002 140.659C279.963 140.659 278.328 141.328 277.099 142.665C275.896 144.003 275.295 145.706 275.295 147.775V159.508H272.549V138.805H275.295V141.454H275.373C276.053 140.445 276.968 139.663 278.119 139.108C279.296 138.552 280.577 138.275 281.963 138.275C284.892 138.275 287.193 139.158 288.867 140.924C290.567 142.691 291.416 145.037 291.416 147.964V159.508Z" fill="white"></path><path d="M318.3 159.508H315.554V155.875H315.475C314.586 157.161 313.41 158.171 311.945 158.902C310.481 159.634 308.873 160 307.12 160C303.878 160 301.145 158.953 298.922 156.859C296.7 154.764 295.588 152.178 295.588 149.1C295.588 146.021 296.713 143.448 298.962 141.378C301.21 139.309 303.93 138.275 307.12 138.275C308.899 138.275 310.52 138.641 311.984 139.373C313.449 140.104 314.613 141.126 315.475 142.438H315.554V138.805H318.3V159.508ZM307.12 157.616C309.5 157.616 311.527 156.795 313.2 155.155C314.874 153.49 315.711 151.497 315.711 149.175C315.711 146.854 314.874 144.861 313.2 143.195C311.527 141.505 309.487 140.659 307.081 140.659C304.597 140.659 302.518 141.479 300.844 143.12C299.171 144.734 298.334 146.766 298.334 149.213C298.334 151.61 299.171 153.616 300.844 155.231C302.518 156.821 304.61 157.616 307.12 157.616Z" fill="white"></path><path d="M326.012 159.508H323.266V131.5H326.012V159.508Z" fill="white"></path><path d="M344.744 159.508H341.998V131.5H344.744V159.508Z" fill="white"></path><path d="M368.012 156.821C365.789 158.94 363.161 160 360.128 160C357.094 160 354.466 158.94 352.244 156.821C350.047 154.676 348.949 152.165 348.949 149.289C348.949 146.261 350.047 143.675 352.244 141.53C354.44 139.36 357.068 138.275 360.128 138.275C363.214 138.275 365.855 139.36 368.051 141.53C370.274 143.675 371.386 146.21 371.386 149.137C371.386 152.115 370.261 154.676 368.012 156.821ZM360.167 157.616C362.573 157.616 364.587 156.783 366.208 155.118C367.829 153.427 368.64 151.396 368.64 149.024C368.64 146.753 367.803 144.797 366.129 143.157C364.482 141.492 362.481 140.659 360.128 140.659C357.8 140.659 355.813 141.505 354.166 143.195C352.518 144.886 351.694 146.904 351.694 149.251C351.694 151.522 352.518 153.49 354.166 155.155C355.839 156.795 357.84 157.616 360.167 157.616Z" fill="white"></path><path d="M397.364 159.508H394.618V155.875H394.539C393.65 157.161 392.473 158.171 391.009 158.902C389.545 159.634 387.936 160 386.184 160C382.942 160 380.209 158.953 377.986 156.859C375.763 154.764 374.652 152.178 374.652 149.1C374.652 146.021 375.777 143.448 378.025 141.378C380.274 139.309 382.994 138.275 386.184 138.275C387.963 138.275 389.584 138.641 391.048 139.373C392.513 140.104 393.676 141.126 394.539 142.438H394.618V138.805H397.364V159.508ZM386.184 157.616C388.564 157.616 390.591 156.795 392.264 155.155C393.938 153.49 394.775 151.497 394.775 149.175C394.775 146.854 393.938 144.861 392.264 143.195C390.591 141.505 388.551 140.659 386.145 140.659C383.661 140.659 381.582 141.479 379.908 143.12C378.235 144.734 377.398 146.766 377.398 149.213C377.398 151.61 378.235 153.616 379.908 155.231C381.582 156.821 383.674 157.616 386.184 157.616Z" fill="white"></path><path d="M421.198 159.508H418.452V147.964C418.452 145.693 417.824 143.914 416.569 142.627C415.314 141.315 413.719 140.659 411.784 140.659C409.744 140.659 408.109 141.328 406.88 142.665C405.677 144.003 405.076 145.706 405.076 147.775V159.508H402.33V138.805H405.076V141.454H405.154C405.834 140.445 406.75 139.663 407.9 139.108C409.077 138.552 410.358 138.275 411.744 138.275C414.673 138.275 416.974 139.158 418.648 140.924C420.348 142.691 421.198 145.037 421.198 147.964V159.508Z" fill="white"></path><path d="M437.255 143.914H434.509C434.43 142.93 434.091 142.148 433.489 141.568C432.914 140.962 432.182 140.659 431.292 140.659C430.377 140.659 429.606 140.962 428.978 141.568C428.351 142.148 428.037 142.88 428.037 143.763C428.037 145.252 429.279 146.387 431.763 147.169C434.221 147.952 435.869 148.847 436.706 149.857C437.568 150.866 438 152.178 438 153.793C438 155.685 437.385 157.199 436.156 158.335C434.953 159.445 433.319 160 431.253 160C429.37 160 427.801 159.407 426.546 158.221C425.291 157.035 424.663 155.471 424.663 153.528V153.376H427.409C427.435 154.739 427.788 155.786 428.468 156.518C429.148 157.25 430.076 157.616 431.253 157.616C432.508 157.616 433.489 157.3 434.195 156.669C434.901 156.013 435.254 155.092 435.254 153.906C435.254 152.948 434.94 152.165 434.313 151.56C433.685 150.929 432.731 150.386 431.449 149.932C429.227 149.15 427.644 148.38 426.703 147.624C425.762 146.841 425.291 145.643 425.291 144.028C425.291 142.363 425.866 140.987 427.017 139.902C428.167 138.817 429.632 138.275 431.41 138.275C433.031 138.275 434.404 138.817 435.529 139.902C436.679 140.962 437.255 142.299 437.255 143.914Z" fill="white"></path></svg></a></li><li><a href="/about/our-businesses/coles-mobile" aria-label="Coles Mobile" data-testid="Coles Mobile" class="sc-8aaed458-9 dIiIvA coles-targeting-FooterColesBrandLinks" target="" rel="noreferrer"><svg focusable="false" xmlns="http://www.w3.org/2000/svg" width="100%" height="100%" viewBox="0 0 470 282" fill="none"><rect width="470" height="282" fill="white"></rect><path d="M175.4 108.82C173.781 102.408 169.874 96.8086 164.416 93.0751C158.957 89.3416 152.323 87.7314 145.76 88.5472C139.197 89.363 133.159 92.5487 128.78 97.505C124.402 102.461 121.985 108.847 121.985 115.46C121.985 122.073 124.402 128.459 128.78 133.415C133.159 138.371 139.197 141.557 145.76 142.373C152.323 143.189 158.957 141.578 164.416 137.845C169.874 134.111 173.781 128.512 175.4 122.1H164C162.48 125.495 159.841 128.266 156.523 129.95C153.206 131.634 149.412 132.129 145.774 131.351C142.135 130.574 138.874 128.572 136.535 125.68C134.195 122.788 132.918 119.18 132.918 115.46C132.918 111.74 134.195 108.132 136.535 105.24C138.874 102.348 142.135 100.346 145.774 99.5686C149.412 98.7914 153.206 99.286 156.523 100.97C159.841 102.654 162.48 105.425 164 108.82H175.4ZM232.06 115.46C232.058 110.096 230.465 104.854 227.483 100.396C224.5 95.9381 220.263 92.4649 215.306 90.416C210.349 88.3672 204.896 87.8346 199.636 88.8859C194.377 89.9371 189.547 92.5249 185.759 96.3217C181.971 100.118 179.394 104.954 178.354 110.216C177.314 115.477 177.859 120.929 179.919 125.882C181.979 130.834 185.461 135.064 189.926 138.036C194.39 141.009 199.636 142.59 205 142.58C208.561 142.581 212.088 141.881 215.378 140.518C218.669 139.156 221.658 137.158 224.176 134.639C226.694 132.12 228.691 129.13 230.052 125.839C231.413 122.548 232.113 119.021 232.11 115.46H232.06ZM221.26 115.46C221.262 118.676 220.31 121.821 218.524 124.496C216.739 127.172 214.2 129.257 211.229 130.489C208.258 131.722 204.989 132.045 201.834 131.419C198.679 130.793 195.781 129.245 193.506 126.971C191.231 124.698 189.681 121.8 189.053 118.646C188.425 115.491 188.746 112.222 189.977 109.25C191.207 106.278 193.291 103.738 195.965 101.951C198.639 100.164 201.784 99.21 205 99.21C209.31 99.2127 213.443 100.925 216.491 103.972C219.54 107.018 221.255 111.15 221.26 115.46" fill="#E01A22"></path><path d="M247.47 72.15H235.56V141.26H247.47V72.15Z" fill="#E01A22"></path><path d="M302.37 117.9L302.48 115.2C302.48 95.12 287.27 88.36 276.73 88.36C266.19 88.36 251 95.12 251 115.2C251 131.84 263.06 142.58 276.75 142.58C282.292 142.596 287.688 140.797 292.112 137.458C296.536 134.12 299.745 129.424 301.25 124.09H289.57C288.402 126.513 286.582 128.562 284.314 130.007C282.045 131.452 279.419 132.235 276.73 132.27C269.56 132.27 263.14 126.73 262.01 117.89H302.37V117.9ZM276.73 98.11C279.903 98.1159 282.987 99.1573 285.514 101.076C288.041 102.994 289.872 105.685 290.73 108.74H262.68C263.543 105.679 265.383 102.984 267.919 101.065C270.456 99.1459 273.55 98.1083 276.73 98.11V98.11ZM326.06 142.43C332.89 142.43 338.5 140.87 342.28 137.91C344.14 136.43 345.626 134.535 346.62 132.376C347.613 130.217 348.086 127.855 348 125.48C348 116.01 342.28 112.87 331.72 110.48L325.31 109C320.16 107.82 316.94 106.35 316.94 102.67C316.94 99.36 320.18 97.31 325.38 97.31C331.99 97.31 335.64 99.93 335.92 104.88V105H346.55V104.9C346.608 102.622 346.137 100.362 345.174 98.2974C344.211 96.2325 342.782 94.4192 341 93C337.32 90.07 332.05 88.5 325.78 88.5C319.78 88.5 314.67 90.01 311.18 92.86C309.489 94.2431 308.138 95.9951 307.23 97.9817C306.321 99.9682 305.88 102.136 305.94 104.32C305.94 108.42 307.18 111.41 309.87 113.74C312.33 115.86 316.09 117.49 321.73 118.88L329.3 120.81C334.46 122.1 337.08 123.38 337.08 126.81C337.08 130.88 333.23 133.41 327.03 133.41C319.56 133.41 315.71 130.41 315.23 124.3V124.07H304.48V124.31C304.48 135.81 312.36 142.41 326.06 142.41" fill="#E01A22"></path><path d="M122.22 170H127.22V176.13C129.67 171.23 135.08 168.92 139.48 168.92C141.46 168.843 143.433 169.196 145.263 169.956C147.093 170.715 148.737 171.863 150.08 173.32C151.074 174.552 151.923 175.894 152.61 177.32C153.342 175.821 154.289 174.436 155.42 173.21C156.812 171.802 158.475 170.692 160.31 169.948C162.144 169.203 164.111 168.84 166.09 168.88C170.09 168.88 173.88 170.04 176.55 172.78C179.94 176.17 180.95 180.35 180.95 187.2V208.77H175.61V187.42C175.61 183.31 174.96 179.63 172.73 177.1C171.14 175.1 168.73 173.86 165.01 173.86C163.374 173.79 161.745 174.117 160.263 174.814C158.781 175.511 157.49 176.556 156.5 177.86C154.5 180.6 154.19 182.76 154.19 187.16V208.73H148.9V187.2C149.05 182.87 148.4 180.35 146.9 177.97C145.09 175.45 142.35 173.97 138.38 173.86C136.785 173.785 135.196 174.112 133.76 174.811C132.323 175.51 131.086 176.558 130.16 177.86C128.5 180.09 127.57 183.05 127.57 187.16V208.8H122.23L122.22 170Z" fill="#414042"></path><path d="M186.38 189.29C186.332 186.584 186.832 183.896 187.85 181.388C188.868 178.88 190.383 176.604 192.304 174.697C194.225 172.79 196.512 171.292 199.027 170.292C201.543 169.292 204.234 168.812 206.94 168.88C219.49 168.88 227.56 178.47 227.56 189.37C227.56 200.27 219.49 209.78 206.94 209.78C194.39 209.78 186.38 200.26 186.38 189.37V189.29ZM191.64 189.44C191.649 193.561 193.294 197.51 196.213 200.419C199.132 203.328 203.086 204.96 207.207 204.955C211.329 204.95 215.279 203.31 218.192 200.394C221.104 197.479 222.74 193.526 222.74 189.405C222.74 185.284 221.104 181.331 218.192 178.416C215.279 175.5 211.329 173.86 207.207 173.855C203.086 173.85 199.132 175.482 196.213 178.391C193.294 181.3 191.649 185.249 191.64 189.37V189.44Z" fill="#414042"></path><path d="M233.11 155.39H238.45V177.75C240.082 175.025 242.397 172.773 245.166 171.217C247.936 169.661 251.064 168.856 254.24 168.88C265.24 168.88 274.24 177.18 274.24 189.29C274.24 200.98 265.87 209.85 254.12 209.85C246.83 209.85 241.12 206.32 238.25 200.76V208.76H233.13L233.11 155.39ZM268.88 189.29C268.88 185.216 267.262 181.309 264.381 178.429C261.501 175.548 257.594 173.93 253.52 173.93C249.446 173.93 245.539 175.548 242.659 178.429C239.778 181.309 238.16 185.216 238.16 189.29C238.16 197.73 244.29 204.87 253.3 204.87C263.62 204.87 268.88 196.87 268.88 189.37V189.29Z" fill="#414042"></path><path d="M280 155.39H285.34V162.82H280V155.39ZM280 170H285.34V208.81H280V170Z" fill="#414042"></path><path d="M293.06 155.39H298.4V208.77H293.06V155.39Z" fill="#414042"></path><path d="M309 190.88C309.29 200.62 317.59 205.31 324.15 205.23C326.908 205.322 329.634 204.617 332 203.198C334.366 201.778 336.273 199.706 337.49 197.23H343C341.396 201.103 338.656 204.398 335.14 206.68C331.853 208.769 328.035 209.869 324.14 209.85C310.65 209.85 303.66 199.1 303.66 189.44C303.59 186.659 304.09 183.894 305.129 181.314C306.168 178.734 307.723 176.393 309.7 174.437C311.677 172.48 314.033 170.949 316.624 169.937C319.215 168.924 321.985 168.453 324.765 168.551C327.545 168.65 330.275 169.316 332.787 170.509C335.3 171.701 337.542 173.396 339.376 175.487C341.209 177.579 342.596 180.023 343.449 182.67C344.303 185.318 344.606 188.111 344.34 190.88H309ZM339.08 186.62C338.72 179.84 332.16 173.21 324.15 173.43C315.78 173.43 309.58 179.56 309.08 186.62H339.08Z" fill="#414042"></path></svg></a></li><li><a href="https://bestbuys.coles.com.au" aria-label="Coles Best Buys" data-testid="Coles Best Buys" class="sc-8aaed458-9 dIiIvA coles-targeting-FooterColesBrandLinks" target="" rel="noreferrer"><svg focusable="false" xmlns="http://www.w3.org/2000/svg" width="100%" height="100%" viewBox="0 0 470 282" fill="none"><rect width="470" height="282" fill="white"></rect><g clip-path="url(#clip0_876_268929)"><path d="M23 129.77H40.591C45.8237 129.77 49.8875 130.883 52.6152 132.942C56.2337 135.335 57.848 139.23 57.848 143.682C57.848 148.635 55.2873 152.475 51.2235 154.701C60.2418 157.762 60.5758 165.275 60.5758 167.612C60.5758 172.454 58.5717 177.017 54.7863 179.633C50.4999 182.916 47.1041 183.417 39.4776 183.417H23V129.77ZM33.7995 151.195H39.8116C41.3146 151.195 43.096 151.028 44.432 150.472C46.5474 149.359 47.4938 147.633 47.4938 145.129C47.4938 142.402 46.0464 140.733 44.5434 140.065C43.3187 139.508 41.7043 139.286 39.7559 139.286H33.7995V151.195ZM33.7995 173.901H41.426C42.8177 173.901 44.7661 173.845 46.4361 173.122C48.6071 172.176 50.2772 170.395 50.2772 166.944C50.2772 163.828 48.6628 161.936 46.4918 160.99C44.7661 160.266 42.929 160.266 41.0363 160.266H33.7995V173.901Z" fill="#E01A22"></path><path d="M73.4351 166.61C73.8805 173.01 79.5029 176.516 84.9584 176.461C89.5788 176.461 92.6962 174.346 94.5333 171.118H104.331C102.438 175.515 99.5989 178.854 96.259 181.135C92.9189 183.473 89.0222 184.641 84.9027 184.641C72.6558 184.641 63.8604 174.736 63.8604 163.605C63.8604 152.308 72.7114 142.347 84.7357 142.347C90.6922 142.347 95.925 144.573 99.5989 148.413C104.442 153.421 106.279 159.654 105.5 166.61H73.4351ZM96.1477 159.376C95.758 155.592 91.8056 150.305 84.8471 150.36C77.8329 150.36 73.9918 155.425 73.6021 159.376H96.1477Z" fill="#E01A22"></path><path d="M127.656 154.312C127.6 152.197 126.487 150.027 122.812 150.027C119.639 150.027 118.081 152.03 118.081 154.033C118.136 156.593 121.031 157.929 124.816 159.042C131.218 160.767 138.065 162.659 138.177 171.229C138.344 179.41 131.441 184.641 123.091 184.641C116.912 184.641 108.562 181.469 107.894 171.786H117.357C117.691 176.071 121.421 176.906 123.202 176.906C126.153 176.906 128.713 174.958 128.658 172.287C128.658 168.892 125.707 167.946 118.359 165.386C113.015 163.717 108.673 160.767 108.562 155.035C108.562 147.188 115.186 142.347 122.868 142.347C128.212 142.347 136.228 144.74 137.008 154.312H127.656Z" fill="#E01A22"></path><path d="M145.524 150.917H138.9V143.571H145.524V129.714H155.044V143.571H161.835V150.917H155.044V183.361H145.524V150.917Z" fill="#E01A22"></path><path d="M167.402 129.77H181.542C186.384 129.77 189.724 130.66 192.118 132.33C196.461 134.778 197.907 139.286 197.907 143.515C197.907 149.804 194.345 153.032 190.727 154.868C200.358 157.818 201.025 166.054 201.025 168.503C200.969 174.29 198.242 178.631 193.677 181.024C190.505 182.972 187.443 183.417 182.154 183.417H167.346V129.77H167.402ZM173.359 152.92H181.485C183.936 152.92 186.106 152.642 187.776 151.807C191.172 149.915 192.118 147.077 192.118 143.849C192.118 139.954 190.003 137.227 187.776 136.225C186.384 135.502 184.603 135.056 181.096 135.001H173.359V152.92ZM173.359 178.075H183.044C185.216 178.075 187.609 177.852 189.557 177.073C192.731 175.682 195.124 172.955 195.236 168.169C195.236 163.828 192.897 160.656 189.502 159.098C187.108 158.096 185.271 157.985 181.987 157.985H173.359V178.075Z" fill="#E01A22"></path><path d="M240.717 183.362H235.651V176.405C233.48 181.47 228.192 184.531 221.233 184.475C209.042 184.252 204.755 176.016 204.755 166.5V144.406H210.043V165.498C210.043 173.901 213.829 179.578 222.569 179.466C230.697 179.411 235.317 174.513 235.317 166.444V144.406H240.661V183.362H240.717Z" fill="#E01A22"></path><path d="M300.671 154.201C300.671 150.082 297.888 147.745 293.991 147.745C289.705 147.745 287.087 150.639 287.254 154.034C287.422 157.707 290.205 159.265 294.937 160.656C300.504 162.159 306.738 163.773 307.073 172.12C307.351 179.299 301.561 184.53 294.158 184.53C287.867 184.53 280.909 180.523 280.798 172.343H286.086C286.308 177.685 290.316 180.078 294.213 180.078C298.723 180.078 301.839 176.739 301.728 172.732C301.561 168.336 298.666 166.499 291.931 164.552C286.365 162.882 282.022 160.656 281.855 154.479C281.855 147.467 287.422 143.293 294.046 143.293C299.501 143.293 305.57 146.243 305.96 154.145H300.671V154.201Z" fill="#E01A22"></path><path d="M274.953 144.406L262.315 175.96L250.069 144.406H244.335L259.42 182.694L256.693 189.26C255.802 191.319 253.799 192.655 251.516 192.655H23V198.165H252.908C256.304 198.165 259.42 196.106 260.701 192.933L280.798 144.35H274.953V144.406Z" fill="#E01A22"></path><path d="M265.878 192.655L264.987 194.77C264.487 196.05 263.763 197.163 262.928 198.22H305.235V192.711H265.878V192.655Z" fill="#E01A22"></path><path d="M305.235 114.967H133.111V120.476H305.235V114.967Z" fill="#E01A22"></path><path d="M123.87 82.9116H23.334V120.532H123.87V82.9116Z" fill="#E01A22"></path><path d="M51.6688 101.443C50.5554 97.1028 46.6587 93.9307 42.0382 93.9307C36.5271 93.9307 32.0737 98.3828 32.0737 103.892C32.0737 109.402 36.5271 113.854 42.0382 113.854C46.7143 113.854 50.6111 110.682 51.6688 106.341H47.4937C46.5473 108.4 44.4876 109.847 42.0382 109.847C38.7538 109.847 36.0818 107.176 36.0818 103.892C36.0818 100.609 38.7538 97.9376 42.0382 97.9376C44.4876 97.9376 46.5473 99.3845 47.4937 101.443H51.6688Z" fill="white"></path><path d="M68.5361 103.892C68.5361 107.176 65.8641 109.847 62.5797 109.847C59.2954 109.847 56.6233 107.176 56.6233 103.892C56.6233 100.609 59.2954 97.9376 62.5797 97.9376C65.8641 97.9376 68.5361 100.609 68.5361 103.892ZM72.4886 103.892C72.4886 98.3828 68.0351 93.9307 62.524 93.9307C57.013 93.9307 52.5596 98.3828 52.5596 103.892C52.5596 109.402 57.013 113.854 62.524 113.854C68.0351 113.854 72.4886 109.402 72.4886 103.892Z" fill="white"></path><path d="M78.1112 87.9756H73.769V113.352H78.1112V87.9756Z" fill="white"></path><path d="M88.9107 97.4924C90.7477 97.4924 93.1971 98.4941 94.0878 101.388H83.7894C84.6244 98.5498 87.0738 97.4924 88.9107 97.4924ZM98.3186 104.783C98.3186 104.449 98.3743 104.115 98.3743 103.781C98.3743 96.435 92.8074 93.9307 88.9107 93.9307C85.0697 93.9307 79.4473 96.435 79.4473 103.781C79.4473 109.902 83.9007 113.854 88.9107 113.854C92.9745 113.854 96.6485 111.294 97.9289 107.064H93.6425C92.6961 108.956 90.8591 110.069 88.9107 110.069C86.2944 110.069 83.9007 108.01 83.511 104.783H94.3105H98.3186Z" fill="white"></path><path d="M107.003 113.798C101.993 113.798 99.0981 111.349 99.0981 107.176V107.064H103.051V107.12C103.218 109.346 104.665 110.459 107.393 110.459C109.675 110.459 111.067 109.513 111.067 108.01C111.067 106.73 110.12 106.285 108.228 105.784L105.444 105.061C103.385 104.56 101.993 103.948 101.102 103.169C100.1 102.334 99.6548 101.221 99.6548 99.7184C99.6548 97.9931 100.323 96.5462 101.603 95.4889C102.884 94.4315 104.721 93.875 106.947 93.875C109.23 93.875 111.178 94.4315 112.514 95.5445C113.85 96.6019 114.574 98.1045 114.574 99.8853V100.052H110.677V99.9966C110.566 98.1601 109.23 97.2141 106.78 97.2141C104.888 97.2141 103.663 97.9931 103.663 99.1619C103.663 100.497 104.832 101.054 106.725 101.499L109.063 102C112.959 102.89 115.019 104.059 115.019 107.509C115.019 109.402 114.296 111.016 112.904 112.073C111.568 113.186 109.508 113.798 107.003 113.798Z" fill="white"></path><path d="M428.364 181.112C450.31 159.166 450.31 123.585 428.364 101.64C406.419 79.6937 370.837 79.6937 348.892 101.64C326.946 123.585 326.946 159.166 348.892 181.112C370.837 203.058 406.419 203.058 428.364 181.112Z" fill="white"></path><path d="M424.585 177.333C444.443 157.474 444.443 125.277 424.585 105.419C404.726 85.5608 372.529 85.5608 352.67 105.419C332.813 125.277 332.813 157.474 352.67 177.333C372.529 197.191 404.726 197.191 424.585 177.333Z" fill="white"></path><path d="M388.628 87.8501C359.062 87.8501 335.104 111.808 335.104 141.374C335.104 170.939 359.062 194.897 388.628 194.897C418.193 194.897 442.152 170.939 442.152 141.374C442.152 111.808 418.193 87.8501 388.628 87.8501ZM388.628 181.51C366.459 181.51 348.491 163.542 348.491 141.374C348.491 119.205 366.459 101.237 388.628 101.237C410.796 101.237 428.764 119.205 428.764 141.374C428.764 163.542 410.796 181.51 388.628 181.51Z" fill="#E01A22"></path><path d="M355.315 135.098C355.315 133.809 355.46 132.711 355.722 131.805C355.985 130.922 356.39 130.182 356.915 129.633C357.44 129.084 358.084 128.679 358.847 128.44C359.612 128.201 360.47 128.082 361.449 128.082C362.427 128.082 363.309 128.201 364.074 128.44C364.837 128.679 365.481 129.084 365.982 129.633C366.507 130.182 366.889 130.922 367.176 131.805C367.438 132.687 367.581 133.785 367.581 135.098C367.581 136.386 367.438 137.484 367.176 138.367C366.913 139.25 366.507 139.966 365.982 140.538C365.457 141.087 364.814 141.493 364.074 141.731C363.309 141.97 362.451 142.089 361.449 142.089C360.47 142.089 359.612 141.97 358.847 141.731C358.084 141.493 357.44 141.087 356.915 140.538C356.39 139.989 356.008 139.273 355.722 138.367C355.46 137.484 355.315 136.386 355.315 135.098ZM359.372 135.098C359.372 135.861 359.42 136.529 359.515 137.054C359.612 137.579 359.73 138.009 359.922 138.343C360.089 138.677 360.302 138.892 360.565 139.035C360.827 139.178 361.114 139.226 361.449 139.226C361.782 139.226 362.092 139.154 362.355 139.035C362.617 138.892 362.832 138.677 362.999 138.343C363.167 138.009 363.286 137.603 363.382 137.054C363.477 136.529 363.524 135.885 363.524 135.098C363.524 134.31 363.477 133.666 363.382 133.141C363.286 132.616 363.167 132.186 362.999 131.852C362.832 131.518 362.617 131.303 362.355 131.16C362.092 131.017 361.782 130.945 361.449 130.945C361.114 130.945 360.804 131.017 360.565 131.16C360.302 131.303 360.089 131.518 359.922 131.852C359.754 132.186 359.612 132.592 359.515 133.141C359.42 133.642 359.372 134.31 359.372 135.098Z" fill="#231F20"></path><path d="M369.084 134.549C369.084 134.143 369.084 133.69 369.084 133.165C369.084 132.64 369.084 132.139 369.084 131.662C369.084 131.16 369.084 130.707 369.084 130.301C369.084 129.896 369.084 129.585 369.084 129.371C369.084 129.132 369.108 128.941 369.156 128.798C369.204 128.631 369.346 128.512 369.538 128.416C369.729 128.321 370.016 128.249 370.373 128.201C370.731 128.154 371.233 128.13 371.853 128.13C372.091 128.13 372.283 128.154 372.425 128.225C372.568 128.297 372.711 128.464 372.878 128.703L377.485 136.1C377.437 135.837 377.389 135.623 377.34 135.408C377.293 135.217 377.27 135.002 377.245 134.811C377.222 134.62 377.198 134.406 377.198 134.191C377.174 133.976 377.174 133.69 377.174 133.38C377.174 133.165 377.174 132.855 377.174 132.425C377.174 131.996 377.174 131.59 377.174 131.16C377.174 130.731 377.174 130.349 377.174 129.991C377.174 129.633 377.174 129.418 377.174 129.347C377.174 129.108 377.198 128.917 377.27 128.774C377.34 128.607 377.46 128.488 377.627 128.392C377.818 128.297 378.057 128.225 378.39 128.177C378.725 128.13 379.155 128.106 379.704 128.106C380.132 128.106 380.442 128.154 380.657 128.273C380.872 128.392 380.967 128.631 380.967 129.037C380.967 129.418 380.967 129.896 380.967 130.397C380.967 130.922 380.944 131.471 380.944 132.019C380.92 132.592 380.92 133.141 380.92 133.714C380.92 134.286 380.92 134.787 380.92 135.241V141.875L377.15 141.97L372.497 134.811C372.545 135.026 372.593 135.265 372.64 135.527C372.688 135.766 372.711 136.028 372.76 136.338C372.783 136.649 372.808 137.007 372.808 137.412V141.946L369.013 142.042C369.036 141.254 369.036 140.419 369.061 139.584C369.084 138.844 369.084 138.057 369.084 137.15C369.084 136.267 369.084 135.408 369.084 134.549Z" fill="#231F20"></path><path d="M388.675 138.987C389.153 138.987 389.535 138.987 389.82 138.987C390.107 138.987 390.37 138.963 390.56 138.963C390.751 138.939 390.942 138.915 391.157 138.892C391.18 138.963 391.18 139.082 391.228 139.226C391.252 139.369 391.275 139.512 391.3 139.703C391.325 139.87 391.348 140.037 391.372 140.228C391.395 140.419 391.395 140.586 391.395 140.729C391.395 141.111 391.275 141.421 391.038 141.636C390.8 141.851 390.393 141.97 389.868 141.97H382.924C382.948 141.23 382.948 140.49 382.971 139.727C382.996 139.059 382.996 138.343 382.996 137.555C382.996 136.768 382.996 136.004 382.996 135.241C382.996 134 382.996 132.854 382.971 131.852C382.948 130.826 382.948 130.015 382.948 129.418C382.948 129.18 382.971 128.989 383.019 128.845C383.068 128.678 383.186 128.559 383.378 128.464C383.568 128.368 383.855 128.297 384.213 128.249C384.571 128.201 385.071 128.177 385.693 128.177C386.123 128.177 386.433 128.225 386.648 128.344C386.861 128.464 386.958 128.702 386.958 129.108L386.861 138.987C387.578 138.963 388.198 138.963 388.675 138.987Z" fill="#231F20"></path><path d="M392.423 135.193C392.423 133.952 392.423 132.807 392.398 131.805C392.375 130.779 392.375 129.967 392.375 129.371C392.375 129.132 392.398 128.941 392.446 128.798C392.493 128.631 392.613 128.512 392.803 128.416C392.995 128.321 393.281 128.249 393.638 128.202C393.998 128.154 394.498 128.13 395.118 128.13C395.548 128.13 395.858 128.178 396.073 128.297C396.288 128.416 396.383 128.655 396.383 129.061C396.383 129.442 396.383 129.92 396.383 130.445C396.383 130.97 396.36 131.518 396.36 132.067C396.335 132.616 396.335 133.165 396.335 133.738C396.335 134.287 396.335 134.811 396.335 135.265V141.922L392.351 142.018C392.375 141.254 392.375 140.491 392.398 139.703C392.423 139.035 392.423 138.295 392.423 137.484C392.398 136.72 392.423 135.933 392.423 135.193Z" fill="#231F20"></path><path d="M398.412 134.549C398.412 134.143 398.412 133.69 398.412 133.165C398.412 132.64 398.412 132.139 398.412 131.662C398.412 131.16 398.412 130.707 398.412 130.301C398.412 129.896 398.412 129.585 398.412 129.371C398.412 129.132 398.435 128.941 398.483 128.798C398.53 128.631 398.674 128.512 398.865 128.416C399.055 128.321 399.342 128.249 399.7 128.201C400.057 128.154 400.559 128.13 401.179 128.13C401.417 128.13 401.609 128.154 401.752 128.225C401.895 128.297 402.039 128.464 402.206 128.703L406.811 136.1C406.764 135.837 406.716 135.623 406.668 135.408C406.621 135.217 406.596 135.002 406.572 134.811C406.549 134.62 406.524 134.406 406.524 134.191C406.501 133.976 406.501 133.69 406.501 133.38C406.501 133.165 406.501 132.855 406.501 132.425C406.501 131.996 406.501 131.59 406.501 131.16C406.501 130.731 406.501 130.349 406.501 129.991C406.501 129.633 406.501 129.418 406.501 129.347C406.501 129.108 406.524 128.917 406.596 128.774C406.668 128.607 406.787 128.488 406.954 128.392C407.146 128.297 407.384 128.225 407.718 128.177C408.051 128.13 408.481 128.106 409.031 128.106C409.46 128.106 409.771 128.154 409.985 128.273C410.199 128.392 410.296 128.631 410.296 129.037C410.296 129.418 410.296 129.896 410.296 130.397C410.296 130.922 410.271 131.471 410.271 132.019C410.248 132.592 410.248 133.141 410.248 133.714C410.248 134.286 410.248 134.787 410.248 135.241V141.875L406.477 141.97L401.824 134.811C401.872 135.026 401.919 135.265 401.967 135.527C402.014 135.766 402.039 136.028 402.087 136.338C402.11 136.649 402.134 137.007 402.134 137.412V141.946L398.34 142.042C398.364 141.254 398.364 140.419 398.387 139.584C398.412 138.844 398.412 138.057 398.412 137.15C398.412 136.267 398.412 135.408 398.412 134.549Z" fill="#231F20"></path><path d="M416.165 139.082C417.047 139.082 417.764 139.082 418.312 139.082C418.837 139.082 419.267 139.082 419.601 139.082C419.935 139.082 420.174 139.082 420.364 139.059C420.555 139.035 420.747 139.011 420.961 138.963C421.009 139.106 421.057 139.345 421.104 139.679C421.152 140.013 421.176 140.347 421.176 140.657C421.176 141.039 421.057 141.349 420.817 141.564C420.579 141.779 420.174 141.898 419.649 141.898H412.203C412.203 140.824 412.203 139.798 412.228 138.82C412.228 138.39 412.228 137.985 412.228 137.531C412.228 137.102 412.251 136.672 412.251 136.267C412.251 135.861 412.251 135.479 412.251 135.121C412.251 134.763 412.251 134.477 412.251 134.214C412.251 133.523 412.251 132.926 412.251 132.449C412.251 131.971 412.251 131.494 412.251 131.065C412.251 130.635 412.228 130.182 412.228 129.728C412.228 129.275 412.228 128.75 412.228 128.177H420.985C421.009 128.702 421.009 129.108 421.032 129.418C421.057 129.728 421.057 129.991 421.032 130.158C421.009 130.349 421.009 130.468 420.961 130.563C420.937 130.659 420.889 130.731 420.842 130.778C420.77 130.85 420.651 130.921 420.507 130.945C420.364 130.969 420.126 130.993 419.767 130.993L416.189 130.969V133.594H420.389V136.243H416.165V139.082Z" fill="#231F20"></path><path d="M358.25 152.04C358.822 152.04 359.277 152.04 359.61 152.04C359.944 152.04 360.231 152.04 360.446 152.04C360.661 152.04 360.827 152.04 360.947 152.016C361.066 151.992 361.186 151.992 361.329 151.968C361.352 152.064 361.377 152.207 361.424 152.422C361.449 152.637 361.472 152.851 361.472 153.042C361.472 153.305 361.4 153.496 361.234 153.615C361.066 153.758 360.827 153.83 360.469 153.83H355.697C355.697 153.138 355.697 152.47 355.72 151.849C355.72 151.587 355.72 151.3 355.72 151.038C355.72 150.751 355.72 150.489 355.745 150.226C355.745 149.964 355.745 149.725 355.745 149.511C355.745 149.296 355.745 149.081 355.745 148.938C355.745 148.485 355.745 148.127 355.745 147.816C355.745 147.506 355.745 147.22 355.745 146.934C355.745 146.647 355.745 146.361 355.72 146.074C355.72 145.788 355.72 145.454 355.72 145.072H361.304C361.304 145.406 361.329 145.669 361.329 145.86C361.329 146.074 361.329 146.218 361.329 146.337C361.329 146.456 361.304 146.552 361.281 146.599C361.257 146.647 361.234 146.695 361.209 146.743C361.162 146.79 361.09 146.838 360.994 146.838C360.899 146.862 360.756 146.862 360.517 146.862L358.227 146.838V148.508H360.924V150.203H358.227V152.04H358.25Z" fill="#231F20"></path><path d="M367.271 145.287C367.343 145.191 367.414 145.096 367.486 145.048C367.556 145 367.676 144.953 367.82 144.953C367.963 144.929 368.13 144.953 368.368 144.977C368.583 145 368.87 145.072 369.203 145.144C369.395 145.191 369.513 145.239 369.609 145.311C369.705 145.382 369.753 145.454 369.753 145.549C369.776 145.645 369.753 145.74 369.705 145.86C369.658 145.979 369.585 146.098 369.513 146.217L367.414 149.439C367.724 149.94 367.986 150.346 368.201 150.704C368.416 151.061 368.608 151.348 368.774 151.586C368.941 151.825 369.061 152.04 369.18 152.183C369.299 152.35 369.395 152.469 369.49 152.565C369.586 152.66 369.658 152.756 369.728 152.827C369.8 152.899 369.871 152.971 369.943 153.066C369.633 153.352 369.346 153.591 369.084 153.734C368.821 153.877 368.536 153.949 368.249 153.949C367.796 153.949 367.461 153.758 367.246 153.352L365.886 151.061L364.454 153.663C364.336 153.877 364.121 153.973 363.834 153.973C363.549 153.973 363.119 153.877 362.594 153.71C362.403 153.663 362.284 153.591 362.189 153.519C362.092 153.448 362.044 153.376 362.044 153.281C362.021 153.185 362.044 153.09 362.092 152.994C362.141 152.899 362.212 152.78 362.284 152.66L364.407 149.391C363.929 148.628 363.549 148.031 363.238 147.601C362.928 147.172 362.689 146.814 362.522 146.575C362.331 146.337 362.212 146.17 362.116 146.074C362.021 145.979 361.926 145.883 361.854 145.812C362.164 145.525 362.474 145.311 362.784 145.167C363.094 145.048 363.404 144.977 363.691 144.977C363.859 144.977 364.026 145 364.144 145.072C364.288 145.144 364.407 145.263 364.526 145.454L365.982 147.769L367.271 145.287Z" fill="#231F20"></path><path d="M372.593 149.63C372.593 150.393 372.783 150.99 373.141 151.443C373.5 151.873 374 152.088 374.62 152.088C374.907 152.088 375.145 152.064 375.337 152.04C375.55 152.016 375.695 151.968 375.837 151.921C375.91 152.183 375.98 152.398 376.005 152.565C376.028 152.732 376.052 152.875 376.052 152.994C376.052 153.114 376.028 153.185 376.005 153.257C375.98 153.328 375.933 153.376 375.885 153.424C375.742 153.567 375.503 153.686 375.193 153.782C374.883 153.877 374.477 153.925 374 153.925C373.38 153.925 372.83 153.853 372.33 153.686C371.828 153.519 371.423 153.281 371.065 152.923C370.708 152.589 370.445 152.135 370.253 151.586C370.063 151.038 369.968 150.393 369.968 149.606C369.968 148.055 370.301 146.886 370.97 146.122C371.638 145.358 372.593 144.977 373.833 144.977C374.31 144.977 374.715 145.024 375.05 145.12C375.385 145.215 375.647 145.335 375.79 145.478C375.837 145.525 375.885 145.597 375.91 145.645C375.933 145.716 375.957 145.788 375.957 145.907C375.957 146.027 375.957 146.146 375.91 146.313C375.885 146.48 375.814 146.695 375.742 146.957C375.647 146.933 375.503 146.91 375.288 146.862C375.075 146.814 374.835 146.814 374.573 146.814C373.928 146.814 373.428 147.053 373.07 147.506C372.76 148.007 372.593 148.699 372.593 149.63Z" fill="#231F20"></path><path d="M380.492 151.968C380.802 151.968 381.04 151.968 381.231 151.968C381.422 151.968 381.565 151.968 381.707 151.945C381.827 151.945 381.947 151.921 382.089 151.897C382.089 151.945 382.114 152.016 382.137 152.112C382.162 152.207 382.162 152.302 382.185 152.422C382.209 152.541 382.209 152.637 382.232 152.756C382.257 152.875 382.257 152.971 382.257 153.066C382.257 153.329 382.185 153.52 382.019 153.639C381.852 153.758 381.612 153.854 381.254 153.854H376.815C376.815 153.376 376.84 152.899 376.84 152.422C376.84 151.992 376.864 151.539 376.864 151.038C376.864 150.537 376.864 150.036 376.864 149.558C376.864 148.771 376.864 148.031 376.84 147.387C376.815 146.743 376.815 146.218 376.815 145.836C376.815 145.693 376.84 145.573 376.864 145.478C376.888 145.382 376.983 145.287 377.102 145.239C377.222 145.168 377.412 145.144 377.627 145.12C377.867 145.096 378.177 145.072 378.582 145.072C378.845 145.072 379.059 145.12 379.179 145.192C379.322 145.263 379.37 145.43 379.37 145.669L379.297 151.992C379.822 151.968 380.205 151.968 380.492 151.968Z" fill="#231F20"></path><path d="M387.601 150.608C387.601 150.441 387.601 150.203 387.601 149.916C387.601 149.63 387.601 149.344 387.601 149.01C387.601 148.675 387.601 148.341 387.601 148.007C387.601 147.673 387.601 147.339 387.601 147.053C387.601 146.766 387.601 146.504 387.601 146.289C387.601 146.074 387.601 145.907 387.601 145.836C387.601 145.693 387.626 145.573 387.649 145.478C387.673 145.382 387.769 145.287 387.888 145.239C388.007 145.168 388.198 145.144 388.413 145.12C388.651 145.096 388.961 145.072 389.368 145.072C389.63 145.072 389.844 145.12 389.964 145.192C390.106 145.263 390.155 145.43 390.155 145.669C390.155 145.836 390.155 146.05 390.155 146.313C390.155 146.576 390.155 146.91 390.131 147.315C390.131 147.721 390.131 148.222 390.106 148.795C390.106 149.368 390.106 150.083 390.106 150.895C390.106 151.42 390.011 151.897 389.821 152.279C389.63 152.66 389.368 152.971 389.033 153.233C388.699 153.472 388.294 153.663 387.841 153.782C387.386 153.901 386.886 153.949 386.361 153.949C385.836 153.949 385.334 153.877 384.881 153.758C384.427 153.639 384.022 153.448 383.689 153.209C383.354 152.947 383.092 152.637 382.901 152.255C382.709 151.873 382.614 151.42 382.614 150.895C382.614 149.511 382.614 148.389 382.614 147.53C382.614 146.671 382.614 146.122 382.614 145.86C382.614 145.716 382.639 145.597 382.662 145.502C382.686 145.406 382.782 145.311 382.901 145.263C383.02 145.192 383.211 145.168 383.449 145.144C383.689 145.12 383.999 145.096 384.404 145.096C384.666 145.096 384.881 145.144 385.001 145.215C385.119 145.287 385.191 145.454 385.191 145.693C385.191 145.812 385.191 145.979 385.191 146.218C385.191 146.456 385.191 146.743 385.191 147.053C385.191 147.363 385.191 147.697 385.167 148.055C385.167 148.413 385.167 148.747 385.144 149.081C385.144 149.415 385.144 149.725 385.144 149.988C385.144 150.274 385.144 150.489 385.144 150.656C385.144 151.229 385.264 151.634 385.478 151.849C385.692 152.064 386.003 152.159 386.384 152.159C386.766 152.159 387.076 152.064 387.316 151.849C387.506 151.587 387.601 151.181 387.601 150.608Z" fill="#231F20"></path><path d="M394.116 146.814C393.591 146.814 393.329 147.029 393.329 147.434C393.329 147.601 393.401 147.745 393.568 147.888C393.735 148.031 393.926 148.174 394.188 148.341C394.426 148.508 394.689 148.675 394.976 148.866C395.263 149.057 395.525 149.272 395.763 149.51C396.001 149.749 396.216 150.035 396.383 150.369C396.55 150.703 396.623 151.061 396.623 151.515C396.623 152.326 396.36 152.923 395.858 153.328C395.358 153.734 394.546 153.925 393.473 153.925C392.756 153.925 392.184 153.853 391.754 153.71C391.324 153.567 391.014 153.4 390.824 153.233C390.776 153.185 390.728 153.114 390.704 153.066C390.681 152.994 390.656 152.923 390.656 152.803C390.656 152.684 390.681 152.541 390.728 152.374C390.776 152.207 390.848 151.992 390.966 151.73C391.373 151.849 391.778 151.944 392.16 151.992C392.541 152.04 392.876 152.088 393.186 152.088C393.473 152.088 393.688 152.04 393.83 151.921C393.973 151.825 394.045 151.682 394.045 151.491C394.045 151.3 393.973 151.109 393.806 150.942C393.639 150.775 393.448 150.608 393.186 150.465C392.948 150.298 392.685 150.131 392.398 149.964C392.111 149.797 391.849 149.582 391.611 149.343C391.373 149.105 391.158 148.842 390.991 148.508C390.824 148.174 390.751 147.84 390.751 147.41C390.751 146.981 390.824 146.599 390.991 146.289C391.158 145.979 391.373 145.716 391.635 145.525C391.898 145.334 392.231 145.191 392.613 145.096C392.995 145 393.401 144.953 393.83 144.953C394.426 144.953 394.951 145.024 395.405 145.144C395.858 145.263 396.145 145.406 396.288 145.525C396.336 145.573 396.36 145.621 396.408 145.692C396.431 145.764 396.455 145.859 396.431 145.955C396.431 146.074 396.383 146.217 396.336 146.384C396.288 146.551 396.193 146.766 396.073 147.005C395.788 146.957 395.501 146.909 395.166 146.838C394.833 146.838 394.475 146.814 394.116 146.814Z" fill="#231F20"></path><path d="M397.48 149.558C397.48 148.771 397.48 148.031 397.457 147.387C397.432 146.743 397.432 146.218 397.432 145.836C397.432 145.693 397.457 145.573 397.48 145.478C397.504 145.382 397.6 145.287 397.719 145.239C397.839 145.168 398.029 145.144 398.244 145.12C398.482 145.096 398.792 145.072 399.199 145.072C399.462 145.072 399.676 145.12 399.795 145.192C399.939 145.263 399.986 145.43 399.986 145.669C399.986 145.931 399.986 146.218 399.986 146.552C399.986 146.886 399.986 147.244 399.962 147.602C399.962 147.96 399.939 148.317 399.939 148.675C399.939 149.033 399.939 149.344 399.939 149.654V153.901L397.385 153.973C397.385 153.496 397.409 152.995 397.409 152.493C397.409 152.064 397.432 151.587 397.432 151.086C397.48 150.537 397.48 150.036 397.48 149.558Z" fill="#231F20"></path><path d="M405.976 145.86C405.999 145.693 406.047 145.549 406.094 145.43C406.143 145.311 406.214 145.239 406.357 145.192C406.476 145.144 406.691 145.096 406.931 145.072C407.193 145.048 407.551 145.048 408.004 145.048C408.266 145.048 408.409 145.12 408.481 145.287C408.553 145.43 408.553 145.669 408.458 145.955L406.143 153.854C405.666 153.877 405.236 153.925 404.782 153.949C404.401 153.973 404.019 153.973 403.637 153.997C403.255 153.997 402.922 153.997 402.659 153.949L400.727 146.122C400.679 145.907 400.654 145.74 400.63 145.597C400.63 145.454 400.679 145.359 400.774 145.263C400.869 145.192 401.06 145.12 401.275 145.096C401.514 145.072 401.847 145.048 402.301 145.048C402.492 145.048 402.659 145.072 402.779 145.096C402.897 145.12 402.992 145.168 403.064 145.215C403.136 145.287 403.184 145.359 403.232 145.478C403.255 145.597 403.304 145.717 403.327 145.884L404.568 152.326L405.976 145.86Z" fill="#231F20"></path><path d="M411.512 152.04C412.085 152.04 412.537 152.04 412.872 152.04C413.205 152.04 413.492 152.04 413.707 152.04C413.922 152.04 414.088 152.04 414.208 152.016C414.327 151.992 414.447 151.992 414.59 151.968C414.614 152.064 414.637 152.207 414.685 152.422C414.709 152.637 414.732 152.851 414.732 153.042C414.732 153.305 414.662 153.496 414.495 153.615C414.327 153.758 414.088 153.83 413.73 153.83H408.958C408.958 153.138 408.958 152.47 408.983 151.849C408.983 151.587 408.983 151.3 408.983 151.038C408.983 150.751 408.983 150.489 409.006 150.226C409.006 149.964 409.006 149.725 409.006 149.511C409.006 149.296 409.006 149.081 409.006 148.938C409.006 148.485 409.006 148.127 409.006 147.816C409.006 147.506 409.006 147.22 409.006 146.934C409.006 146.647 409.006 146.361 408.983 146.074C408.983 145.788 408.983 145.454 408.983 145.072H414.565C414.565 145.406 414.59 145.669 414.59 145.86C414.59 146.074 414.59 146.218 414.59 146.337C414.59 146.456 414.565 146.552 414.542 146.599C414.518 146.647 414.495 146.695 414.47 146.743C414.422 146.79 414.352 146.838 414.255 146.838C414.16 146.838 414.017 146.862 413.778 146.862L411.488 146.838V148.508H414.184V150.203H411.488V152.04H411.512Z" fill="#231F20"></path><path d="M418.575 146.695C418.05 146.695 417.788 146.91 417.788 147.315C417.788 147.482 417.86 147.625 418.027 147.769C418.193 147.912 418.385 148.055 418.647 148.222C418.885 148.389 419.148 148.556 419.435 148.747C419.72 148.938 419.983 149.153 420.222 149.391C420.46 149.63 420.675 149.916 420.842 150.25C421.009 150.584 421.08 150.942 421.08 151.396C421.08 152.207 420.818 152.804 420.317 153.209C419.815 153.615 419.005 153.806 417.93 153.806C417.215 153.806 416.643 153.734 416.213 153.591C415.783 153.448 415.473 153.281 415.283 153.114C415.235 153.066 415.187 152.994 415.163 152.947C415.138 152.875 415.115 152.804 415.115 152.684C415.115 152.565 415.138 152.422 415.187 152.255C415.235 152.088 415.306 151.873 415.425 151.61C415.831 151.73 416.237 151.825 416.618 151.873C417 151.944 417.335 151.968 417.645 151.968C417.93 151.968 418.145 151.921 418.289 151.801C418.432 151.706 418.503 151.563 418.503 151.372C418.503 151.181 418.432 150.99 418.265 150.823C418.098 150.656 417.907 150.489 417.645 150.346C417.405 150.179 417.143 150.012 416.857 149.845C416.57 149.678 416.308 149.463 416.07 149.224C415.831 148.986 415.616 148.723 415.45 148.389C415.283 148.055 415.21 147.721 415.21 147.291C415.21 146.862 415.283 146.48 415.45 146.17C415.616 145.86 415.831 145.597 416.093 145.406C416.356 145.215 416.69 145.072 417.072 144.977C417.453 144.881 417.86 144.833 418.289 144.833C418.885 144.833 419.41 144.905 419.864 145.024C420.317 145.144 420.603 145.287 420.747 145.406C420.795 145.454 420.818 145.502 420.865 145.573C420.89 145.645 420.914 145.74 420.89 145.836C420.89 145.955 420.842 146.098 420.795 146.265C420.747 146.432 420.652 146.647 420.532 146.886C420.245 146.838 419.96 146.79 419.625 146.719C419.29 146.719 418.933 146.695 418.575 146.695Z" fill="#231F20"></path></g><defs><clipPath id="clip0_876_268929"><rect width="424" height="115.374" fill="white" transform="translate(23 82.9116)"></rect></clipPath></defs></svg></a></li><li><a href="https://www.colesgroup.com.au/" aria-label="Coles Group" data-testid="Coles Group" class="sc-8aaed458-9 dIiIvA coles-targeting-FooterColesBrandLinks" target="" rel="noreferrer"><svg focusable="false" xmlns="http://www.w3.org/2000/svg" width="100%" height="100%" viewBox="0 0 470 282" fill="none"><path d="M470 0H0V282H470V0Z" fill="white"></path><path d="M175.908 99.9375C174.273 93.5654 170.33 88.0012 164.821 84.2914C159.311 80.5817 152.615 78.9821 145.992 79.7934C139.369 80.6047 133.275 83.7711 128.857 88.697C124.439 93.6229 122 99.9689 122 106.541C122 113.114 124.439 119.46 128.857 124.386C133.275 129.311 139.369 132.478 145.992 133.289C152.615 134.101 159.311 132.501 164.821 128.791C170.33 125.081 174.273 119.517 175.908 113.145H164.359C162.823 116.526 160.156 119.285 156.803 120.962C153.45 122.639 149.615 123.132 145.937 122.359C142.259 121.586 138.962 119.594 136.597 116.715C134.231 113.836 132.941 110.245 132.941 106.541C132.941 102.838 134.231 99.2468 136.597 96.3678C138.962 93.4888 142.259 91.4964 145.937 90.7233C149.615 89.9503 153.45 90.4435 156.803 92.1205C160.156 93.7976 162.823 96.5569 164.359 99.9375H175.908Z" fill="#E01A22"></path><path d="M232.927 106.548C232.928 101.217 231.318 96.0049 228.3 91.5714C225.282 87.1379 220.992 83.6821 215.972 81.6409C210.952 79.5998 205.428 79.065 200.099 80.1042C194.769 81.1435 189.873 83.7101 186.031 87.4794C182.188 91.2487 179.571 96.0515 178.51 101.28C177.449 106.509 177.993 111.929 180.072 116.855C182.151 121.78 185.673 125.99 190.191 128.952C194.709 131.914 200.02 133.495 205.454 133.495C212.739 133.496 219.726 130.657 224.878 125.604C230.03 120.55 232.925 113.696 232.927 106.548V106.548ZM221.944 106.548C221.944 109.747 220.977 112.873 219.166 115.533C217.355 118.192 214.781 120.265 211.769 121.489C208.757 122.713 205.443 123.033 202.245 122.409C199.048 121.785 196.111 120.245 193.806 117.984C191.501 115.722 189.931 112.84 189.295 109.703C188.659 106.566 188.985 103.314 190.233 100.359C191.48 97.4044 193.593 94.8786 196.304 93.1016C199.014 91.3246 202.201 90.3762 205.461 90.3762C209.831 90.3786 214.022 92.0834 217.111 95.1159C220.201 98.1484 221.937 102.26 221.937 106.548" fill="#E01A22"></path><path d="M248.477 63H236.037V132.459H248.477V63Z" fill="#E01A22"></path><path d="M302.276 108.971C302.346 108.091 302.39 107.195 302.385 106.278C302.415 86.332 287.375 79.5895 276.986 79.5872C266.595 79.5872 251.56 86.3205 251.587 106.278C251.56 122.826 263.488 133.498 276.993 133.495C282.458 133.511 287.777 131.724 292.14 128.407C296.503 125.09 299.67 120.426 301.157 115.125H289.656C288.503 117.532 286.708 119.568 284.471 121.004C282.234 122.44 279.645 123.219 276.993 123.254V123.254C269.915 123.254 263.575 117.752 262.463 108.962H291.523L302.276 108.971ZM276.984 89.2917C280.117 89.29 283.165 90.3189 285.665 92.2223C288.165 94.1256 289.981 96.7994 290.836 99.8377H263.14C263.996 96.7994 265.812 94.1256 268.312 92.2223C270.812 90.3189 273.86 89.29 276.993 89.2917" fill="#E01A22"></path><path d="M326.56 133.449C313.175 133.449 305.495 126.863 305.495 115.374V115.144H315.975V115.374C316.425 121.493 320.201 124.468 327.491 124.468C333.552 124.468 337.321 121.937 337.321 117.87C337.321 114.419 334.758 113.128 329.714 111.841L322.316 109.929C318.123 109.155 314.162 107.401 310.742 104.804C309.439 103.641 308.414 102.188 307.747 100.556C307.08 98.9251 306.789 97.1593 306.894 95.3948C306.832 93.2169 307.261 91.0537 308.147 89.0719C309.034 87.0901 310.354 85.3428 312.006 83.9648C316.134 80.8904 321.169 79.3552 326.272 79.6156C331.581 79.3599 336.82 80.9417 341.139 84.1052C342.885 85.5156 344.286 87.3217 345.23 89.3807C346.174 91.4396 346.636 93.6948 346.58 95.9678V96.0644H336.195V95.9724C335.916 91.0294 332.354 88.413 325.896 88.413C320.814 88.413 317.658 90.4656 317.658 93.7678C317.658 97.4497 320.782 98.9087 325.824 100.082L332.095 101.518C342.405 103.964 347.99 107.08 347.99 116.529C348.076 118.898 347.615 121.255 346.646 123.409C345.676 125.563 344.224 127.454 342.408 128.93C337.754 132.18 332.18 133.771 326.551 133.456" fill="#E01A22"></path><path d="M128.462 174.814C128.391 177.298 128.83 179.771 129.75 182.079C130.671 184.388 132.054 186.483 133.814 188.236C135.575 189.989 137.675 191.362 139.986 192.272C142.297 193.181 144.77 193.607 147.251 193.523C149.691 193.565 152.115 193.108 154.372 192.18C156.63 191.253 158.675 189.874 160.382 188.128C163.711 184.525 165.571 179.805 165.597 174.898C165.563 170.45 164.066 166.138 161.337 162.628C159.645 160.488 157.47 158.78 154.991 157.645C152.512 156.51 149.799 155.98 147.076 156.098C144.617 156.042 142.173 156.486 139.89 157.402C137.607 158.319 135.534 159.689 133.795 161.43C132.056 163.171 130.688 165.246 129.773 167.531C128.857 169.816 128.414 172.264 128.47 174.725L128.462 174.814ZM171.761 192.83C171.761 201.706 168.89 207.363 164.795 211.279C160.009 215.846 153.672 218.428 147.061 218.505C135.41 218.505 126.889 211.803 123.934 203.358H131.323C132.669 205.826 134.574 207.943 136.885 209.54C139.914 211.688 143.519 212.87 147.23 212.934C149.648 212.93 152.041 212.442 154.268 211.498C156.495 210.555 158.51 209.174 160.196 207.438C161.881 205.703 163.202 203.647 164.082 201.392C164.961 199.137 165.381 196.729 165.316 194.309V188.303C163.585 191.794 160.884 194.711 157.537 196.702C154.19 198.693 150.34 199.675 146.449 199.529C143.205 199.603 139.981 199.015 136.972 197.801C133.962 196.588 131.231 194.773 128.945 192.469C126.659 190.164 124.866 187.418 123.674 184.397C122.483 181.376 121.918 178.144 122.015 174.898C121.901 171.639 122.453 168.392 123.636 165.354C124.819 162.316 126.609 159.551 128.896 157.229C131.184 154.908 133.92 153.077 136.938 151.85C139.956 150.624 143.192 150.026 146.449 150.094C150.317 149.966 154.143 150.926 157.493 152.865C160.843 154.803 163.583 157.643 165.403 161.062V151.4H171.761V192.83Z" fill="#212121"></path><path d="M292.018 198.551H286.019V190.271C283.447 196.308 277.195 199.93 268.969 199.843C254.57 199.585 249.514 189.754 249.514 178.458V152.156H255.771V177.249C255.771 187.254 260.226 193.98 270.596 193.892C280.195 193.806 285.678 188.029 285.678 178.372V152.156H292.018V198.551Z" fill="#212121"></path><path d="M341.55 174.509C341.612 172.049 341.166 169.602 340.24 167.318C339.314 165.034 337.928 162.961 336.166 161.225C334.403 159.489 332.302 158.127 329.99 157.222C327.678 156.317 325.203 155.888 322.718 155.961C320.257 155.952 317.818 156.428 315.544 157.361C313.27 158.294 311.206 159.666 309.472 161.396C306.068 164.994 304.196 169.752 304.244 174.681C304.198 177.117 304.649 179.538 305.57 181.798C306.49 184.058 307.862 186.111 309.603 187.834C311.344 189.557 313.418 190.915 315.701 191.827C317.985 192.738 320.43 193.185 322.892 193.139C325.361 193.185 327.814 192.735 330.103 191.819C332.392 190.902 334.47 189.536 336.212 187.804C337.954 186.071 339.325 184.008 340.241 181.738C341.157 179.468 341.599 177.038 341.542 174.595L341.55 174.509ZM298.239 151.39H304.339V161.052C306.27 157.615 309.123 154.772 312.583 152.839C316.044 150.906 319.977 149.956 323.948 150.096C339.72 150.096 348 162.776 348 174.767C348 187.704 338.499 199.091 323.948 199.091C313.579 199.091 306.867 193.139 304.692 188.307V215.395H298.245L298.239 151.39Z" fill="#212121"></path><path d="M219.97 150.083C215.151 150.082 210.441 151.541 206.434 154.275C202.428 157.008 199.305 160.894 197.461 165.44C195.616 169.987 195.134 174.99 196.073 179.816C197.013 184.643 199.333 189.076 202.74 192.556C206.147 196.036 210.488 198.406 215.214 199.366C219.94 200.326 224.839 199.833 229.29 197.95C233.742 196.067 237.547 192.878 240.224 188.787C242.901 184.695 244.33 179.884 244.33 174.963C244.33 168.365 241.764 162.037 237.195 157.371C232.627 152.705 226.431 150.083 219.97 150.083V150.083ZM219.97 156.39C223.567 156.39 227.083 157.479 230.074 159.52C233.064 161.561 235.395 164.462 236.772 167.856C238.148 171.25 238.508 174.984 237.807 178.587C237.105 182.19 235.373 185.499 232.83 188.097C230.286 190.694 227.046 192.463 223.518 193.18C219.99 193.896 216.333 193.529 213.01 192.123C209.687 190.717 206.847 188.336 204.849 185.282C202.85 182.228 201.784 178.637 201.784 174.963C201.789 170.039 203.707 165.318 207.116 161.836C210.526 158.354 215.148 156.396 219.97 156.39" fill="#212121"></path><path d="M204.907 150.104L204.936 150.083H198.541C193.178 150.259 187.241 152.115 183.929 159.186V151.409H177.982V196.734H184.182V173.06C184.182 162.33 189.067 156.594 197.821 156.536C199.823 153.997 202.218 151.824 204.907 150.104Z" fill="#212121"></path><path d="M170.978 213.321C170.242 213.882 169.438 214.411 168.571 214.904C168.268 215.077 167.941 215.23 167.615 215.395H293.055V213.321H170.978Z" fill="#212121"></path></svg></a></li></ul></div></div></div></div><div data-testid="disclaimer-section" class="sc-8aaed458-10 cIwOxI coles-targeting-FooterDisclaimerSectionWrapper"><div class="sc-8aaed458-11 jcWTXk coles-targeting-FooterDisclaimerSection"><div><div class="sc-8aaed458-12 kESEkG coles-targeting-FooterCol1"><svg focusable="false" xmlns="http://www.w3.org/2000/svg" viewBox="0 0 146.42 52.12" role="img" aria-label="Choose to Drink Wise logo"><g><g><path d="M11.5,22.73A11.37,11.37,0,1,1,11.47,0a11.57,11.57,0,0,1,8.67,3.92A7.46,7.46,0,0,1,21.54,6H19.07a9.19,9.19,0,0,0-7.63-4A9.51,9.51,0,0,0,2.2,11.41a9.55,9.55,0,0,0,9.27,9.33,9.6,9.6,0,0,0,7.69-4.16h2.47A11.64,11.64,0,0,1,11.5,22.73Z"></path><path d="M35.91,22.73v-9.1A6.31,6.31,0,0,0,34.34,9.1a5.26,5.26,0,0,0-7.19,0,6.1,6.1,0,0,0-1.54,4.38v9.25H23.49V.37h2.12V8.31h.06a6,6,0,0,1,5.07-2.54c4.75,0,7.29,3.3,7.29,7.86v9.1Z"></path><path d="M47.73,22.73a8.53,8.53,0,1,1,8.53-8.53A8.55,8.55,0,0,1,47.73,22.73Zm0-15.19a6.58,6.58,0,0,0-6.42,6.75,6.42,6.42,0,1,0,12.84-.18A6.54,6.54,0,0,0,47.76,7.54Z"></path><path d="M65.94,22.73a8.53,8.53,0,1,1,8.53-8.53A8.55,8.55,0,0,1,65.94,22.73ZM66,7.54a6.58,6.58,0,0,0-6.42,6.75,6.42,6.42,0,1,0,12.84-.18A6.54,6.54,0,0,0,66,7.54Z"></path><path d="M129.26,22.73a8.53,8.53,0,1,1,8.53-8.53A8.55,8.55,0,0,1,129.26,22.73Zm0-15.19a6.58,6.58,0,0,0-6.42,6.75,6.42,6.42,0,1,0,12.84-.18A6.54,6.54,0,0,0,129.29,7.54Z"></path><path d="M79.86,22.73a4.83,4.83,0,0,1-5-5v-.17H77c0,1.87.92,3.32,2.91,3.32a2.73,2.73,0,0,0,3-2.91c0-4.31-7.54-2.32-7.54-7.75A4.42,4.42,0,0,1,80,5.67a4.36,4.36,0,0,1,4.43,4.43H82.33a2.48,2.48,0,0,0-2.44-2.56A2.4,2.4,0,0,0,77.43,10c0,3.71,7.54,1.78,7.54,7.78C85,20.88,82.92,22.73,79.86,22.73Z"></path><path d="M102.49,15H87.69A6.44,6.44,0,0,0,94,20.85,6.14,6.14,0,0,0,99.82,17H102A8.48,8.48,0,1,1,94,5.67a8.66,8.66,0,0,1,8.53,8.71C102.52,14.58,102.49,14.76,102.49,15ZM94,7.54a6.43,6.43,0,0,0-6.33,5.56h12.69A6.45,6.45,0,0,0,94,7.54Z"></path><path d="M116.89,8.3V22.73H114.8V8.3h-3.43V6.42h3.43V.67h2.09V6.42h3.9V8.3Z"></path><path d="M8,52.12H0v-23H7.6c4.16,0,7.55.68,10.15,4.28a12.14,12.14,0,0,1,2.11,7.14C19.86,48.11,15.55,52.12,8,52.12ZM8.41,34.3H5.87V47H8.38c4,0,5.62-2.57,5.62-6.3S12.32,34.3,8.41,34.3Z"></path><path d="M26.25,42.65v9.47H21.1V34.89h4.84v1.83H26a4.32,4.32,0,0,1,4.32-2.42v5.18C28.05,39.55,26.25,40,26.25,42.65Z"></path><path d="M50.17,52.12V42.71c0-1.92-.37-3.57-2.7-3.57s-2.94,1.55-2.94,3.6v9.38H39.37V34.89h4.81v1.83h.07a4.94,4.94,0,0,1,4.68-2.42,7.48,7.48,0,0,1,4.41,1.49c1.65,1.37,2,3.54,2,5.56V52.12Z"></path><path d="M66.86,42.46l6.3,9.66H67.32l-4.87-8.29h-.06v8.29H57.24v-23h5.15v12h.06l4.78-6.24h6.11Z"></path><path d="M95.59,52.12H90.44L87,37.25h-.07L83.49,52.12H78.18l-5.93-23h6l3.08,14.93h.06l3.38-14.93h4.5l3.32,15h.06l3.14-15h5.93Z"></path><path d="M115.76,52.12c-3.37,0-6.19-1.81-6.56-5.35H114a1.68,1.68,0,0,0,1.83,1.48c.73,0,1.68-.4,1.68-1.25,0-1.16-1.3-1.51-2.17-1.86-.7-.23-1.4-.46-2.1-.72-1.91-.7-3.83-2-3.83-4.21,0-3.37,3.14-5.32,6.25-5.32s5.86,1.66,6.18,5.08H117.1c0-.9-.67-1.22-1.51-1.22-.64,0-1.37.35-1.37,1.08,0,2.53,8.11,1.1,8.11,6.8C122.33,50.26,119,52.12,115.76,52.12Z"></path><path d="M139.69,45H127.58a3.62,3.62,0,0,0,3.79,3,3.47,3.47,0,0,0,2.94-1.51h4.94a8.66,8.66,0,0,1-7.88,5.59,8.62,8.62,0,1,1,8.43-8.41A6.21,6.21,0,0,1,139.69,45Zm-8.38-6a3.59,3.59,0,0,0-3.67,2.77H135A3.58,3.58,0,0,0,131.31,39Z"></path><path d="M32.43,52.12V34.89h5.15V52.12Z"></path><circle cx="35.01" cy="30.59" r="2.57"></circle><path d="M102.16,52.12V34.89h5.15V52.12Z"></path><circle cx="104.74" cy="30.62" r="2.57"></circle><circle cx="143.86" cy="49.55" r="2.57"></circle></g></g></svg><div>No alcohol can be sold or supplied to anyone under 18. It’s against the law. It’s an offence to supply liquor to a person under the age of 18 years. All liquor products are sold and supplied by Liquorland (Australia) Pty Ltd. For more specific legislation in your state or territory, and to view our liquor and tobacco licences, visit our<!-- --> <a href="/important-information/orders-with-liquor-tobacco" class="sc-6ea5e2aa-0 eMUIKa coles-targeting-LinkLinkInternal link" tabindex="0" target="">help page</a>. To voluntarily exclude yourself from being able to purchase liquor online at Coles, please<!-- --> <a href="https://www.coles.com.au/help/contact" class="sc-6ea5e2aa-0 eMUIKa coles-targeting-LinkLinkInternal link" tabindex="0" target="_blank">contact us</a>.</div></div><div class="sc-8aaed458-13 eQUXSk coles-targeting-FooterCol2"><ul class="sc-8aaed458-14 hgqLBT coles-targeting-FooterDisclaimerLinks"><li><a href="/important-information/privacy-policy" class="sc-6ea5e2aa-0 eMUIKa coles-targeting-LinkLinkInternal link" tabindex="0" target="">Privacy policy</a></li><li><a href="/important-information/terms/website-terms-conditions" class="sc-6ea5e2aa-0 eMUIKa coles-targeting-LinkLinkInternal link" tabindex="0" target="">Terms and conditions</a></li><li><a href="/important-information/customer-agreement" class="sc-6ea5e2aa-0 eMUIKa coles-targeting-LinkLinkInternal link" tabindex="0" target="">Customer agreement</a></li><li><a href="https://www.coles.com.au/sitemap" class="sc-6ea5e2aa-0 eMUIKa coles-targeting-LinkLinkInternal link" tabindex="0" target="">Sitemap</a></li></ul><div>Coles Online - Hawthorn East, Victoria Australia 3123 © Copyright Coles 2023</div></div></div></div></div></footer></div></div></div></div><script id="__NEXT_DATA__" type="application/json">{"props":{"pageProps":{"assetsUrl":"https://productimages.coles.com.au/productimages","isMobile":false,"searchResults":{"didYouMean":null,"noOfResults":165,"start":0,"pageSize":48,"keyword":null,"resultType":1,"filters":[{"name":"Brand","values":[{"id":"3308789130","displayText":"Air Wick","count":50},{"id":"958045484","displayText":"Airwick","count":4},{"id":"2171914192","displayText":"Ambi","count":3},{"id":"1520219081","displayText":"Ambi Pur","count":13},{"id":"2459809504","displayText":"Bosistos","count":2},{"id":"1449741500","displayText":"Botanica","count":19},{"id":"2059400607","displayText":"California Scents","count":1},{"id":"3683951741","displayText":"Clean Air","count":1},{"id":"3955134709","displayText":"Coles","count":8},{"id":"3919351448","displayText":"Glade","count":15},{"id":"3582212100","displayText":"Glen 20","count":15},{"id":"3610240148","displayText":"Green Nation","count":6},{"id":"610382679","displayText":"Little Trees","count":1},{"id":"151447854","displayText":"Magic","count":1},{"id":"1160368073","displayText":"Nilodor","count":2},{"id":"1149096503","displayText":"Orange Power","count":2},{"id":"3264487777","displayText":"Organic Choice","count":7},{"id":"2091198866","displayText":"Saba","count":1},{"id":"278798749","displayText":"Scentory","count":12},{"id":"3713407249","displayText":"White King","count":1},{"id":"2043216949","displayText":"Wif-Fix","count":1}]},{"name":"Special","values":[{"id":null,"displayText":"all","count":78}]}],"banners":[],"pageRestrictions":{"tobaccoProducts":false},"results":[{"_type":"PRODUCT","id":3913611,"adId":null,"adSource":null,"featured":false,"name":"Country Scent Disinfectant Spray","brand":"Glen 20","description":"GLEN 20 COUNTRY SCENT DISINFECTANT SPRAY 375G","size":"375g","availability":true,"availabilityType":"InStoreAndOnline","imageUris":[{"altText":"","type":"default","uri":"/3/3913611.jpg"}],"locations":[{"aisleSide":null,"description":"Aisle information is not available for this product. Please ask a Team Member at $STORE to help you find this product.","facing":0,"aisle":null,"order":9999,"shelf":null}],"restrictions":{"retailLimit":20,"promotionalLimit":12,"liquorAgeRestrictionFlag":false,"tobaccoAgeRestrictionFlag":false},"merchandiseHeir":{"tradeProfitCentre":"GROCERY","categoryGroup":"HOME CARE","category":"CLEANING GOODS","subCategory":"DISINFECTANT","className":"AEROSOL"},"onlineHeirs":[{"aisle":"All Airfreshners","category":"Air Fresheners \u0026 Home Fragrance","subCategory":"Household"}],"pricing":{"now":11.5,"was":0,"unit":{"quantity":1,"ofMeasureQuantity":100,"ofMeasureUnits":"g","price":3.07,"ofMeasureType":"g","isWeighted":false},"comparable":"$3.07 per 100g","onlineSpecial":false}},{"_type":"SINGLE_TILE","adId":"shotgun_hMKkHkBpuxKuw08R3Q2PKwJ_VVQKCgoIMzcyMTI3OVASABoMCIDjnZ8GEND-6PEBIgIIAQ==","adSource":"citrus","campaignName":"Air-Care---Botanica---Banner-X---Aisle---Single-Tile-CUSP-c0acc12ce8fc81278f0f7676a9b1d77c","expiry":"2023-02-11T10:44:16.5071337Z","headingText":"Home Fragrances infused with responsibly sourced natural ingredients","bannerText":"Discover our Home Fragrances","bannerTextColour":"27211D","ctaFlag":true,"ctaText":"Shop now","ctaTextAccessibility":"Shop Botanica","ctaLink":"/browse/household/air-fresheners-home-fragrance?filter_Brand=1449741500","backgroundColour":null,"backgroundImage":"https://coles.flavedo.io/citrus/ef64a21f-0d31-45aa-b792-8908929724aa","backgroundImagePosition":"fill","secondaryBackgroundImage":null,"secondaryBackgroundImagePosition":null,"heroImage":"https://coles.flavedo.io/citrus/a5a1a597-43e2-412a-96ca-4cde0c973e24","heroImageAltText":"Botanica Range","secondaryHeroImage":null,"secondaryHeroImageAltText":null,"productIds":["4883695","3721359","3721337","4883866","4661354","3721268","3964419","3721326","3721406","3721304","3721370","4661343","3721279","3721520","3721360","3964328"],"additionalFields":[{"id":"roundel","value":"1"},{"id":"description","value":"Infused with Responsibly Sourced Natural Ingredients"}]},{"_type":"PRODUCT","id":3963733,"adId":"display_CMjkg733SoFJAm6XuJzMS_dlfkIKCgoIMzk2MzczM1ASABoMCIDjnZ8GEKbBpvMBIgIIAQ==","adSource":"citrus","featured":true,"name":"Gel Air Freshener Jasmine","brand":"Glade","description":"GLADE GEL AIR FRESHENER JASMINE 70 GRAM","size":"70g","availability":true,"availabilityType":"InStoreAndOnline","imageUris":[{"altText":"","type":"default","uri":"/3/3963733.jpg"}],"locations":[{"aisleSide":null,"description":"Aisle information is not available for this product. Please ask a Team Member at $STORE to help you find this product.","facing":0,"aisle":null,"order":9999,"shelf":null}],"restrictions":{"retailLimit":20,"promotionalLimit":12,"liquorAgeRestrictionFlag":false,"tobaccoAgeRestrictionFlag":false},"merchandiseHeir":{"tradeProfitCentre":"GROCERY","categoryGroup":"HOME CARE","category":"AIRCARE","subCategory":"DEODORISE/AIRFRESH","className":"CONTINUOUS"},"onlineHeirs":[{"aisle":"All Airfreshners","category":"Air Fresheners \u0026 Home Fragrance","subCategory":"Household"}],"pricing":{"now":3,"was":0,"unit":{"quantity":1,"ofMeasureQuantity":100,"ofMeasureUnits":"g","price":4.29,"ofMeasureType":"g","isWeighted":false},"comparable":"$4.29 per 100g","onlineSpecial":false}},{"_type":"PRODUCT","id":3057591,"adId":"display_aaMI0_tFNBlQEGwdxthHvOp7jYYKCgoIMzA1NzU5MVASABoMCIDjnZ8GELLgp_MBIgIIAQ==","adSource":"citrus","featured":true,"name":"Sense \u0026 Spray Automatic Air Freshener Sheer Vanilla Embrace","brand":"Glade","description":"GLADE SENSE \u0026 SPRAY AUTOMATIC AIR FRESHENER SHEER VANILLA EMBRACE 1 EACH","size":"1 each","availability":true,"availabilityType":"InStoreAndOnline","imageUris":[{"altText":"","type":"default","uri":"/3/3057591.jpg"}],"locations":[{"aisleSide":null,"description":"Aisle information is not available for this product. Please ask a Team Member at $STORE to help you find this product.","facing":0,"aisle":null,"order":9999,"shelf":null}],"restrictions":{"retailLimit":20,"promotionalLimit":20,"liquorAgeRestrictionFlag":false,"tobaccoAgeRestrictionFlag":false},"merchandiseHeir":{"tradeProfitCentre":"GROCERY","categoryGroup":"HOME CARE","category":"AIRCARE","subCategory":"DEODORISE/AIRFRESH","className":"CONTINUOUS"},"onlineHeirs":[{"aisle":"All Airfreshners","category":"Air Fresheners \u0026 Home Fragrance","subCategory":"Household"}],"pricing":{"now":12,"was":0,"unit":{"quantity":1,"ofMeasureQuantity":1,"ofMeasureUnits":"ea","price":12,"ofMeasureType":"ea","isWeighted":false},"comparable":"$12.00 per 1ea","onlineSpecial":false}},{"_type":"PRODUCT","id":1836713,"adId":"display_hGudnYu2nyhnbW410q1yRI9B4ZUKCgoIMTgzNjcxM1ASABoMCIDjnZ8GEMSMqPMBIgIIAQ==","adSource":"citrus","featured":true,"name":"Sense \u0026 Spray Pomegranate \u0026 Cranberry Refill","brand":"Glade","description":"GLADE SENSE \u0026 SPRAY AIR FRESHENER REFILL:POMEGRANATE \u0026 CRANBERRIES:.:12.2 GRAM","size":"12.2g","availability":true,"availabilityType":"InStoreAndOnline","imageUris":[{"altText":"","type":"default","uri":"/1/1836713.jpg"}],"locations":[{"aisleSide":null,"description":"Aisle information is not available for this product. Please ask a Team Member at $STORE to help you find this product.","facing":0,"aisle":null,"order":9999,"shelf":null}],"restrictions":{"retailLimit":20,"promotionalLimit":12,"liquorAgeRestrictionFlag":false,"tobaccoAgeRestrictionFlag":false},"merchandiseHeir":{"tradeProfitCentre":"GROCERY","categoryGroup":"HOME CARE","category":"AIRCARE","subCategory":"DEODORISE/AIRFRESH","className":"CONTINUOUS"},"onlineHeirs":[{"aisle":"All Airfreshners","category":"Air Fresheners \u0026 Home Fragrance","subCategory":"Household"}],"pricing":{"now":6.5,"was":0,"unit":{"quantity":1,"ofMeasureQuantity":100,"ofMeasureUnits":"g","price":53.28,"ofMeasureType":"g","isWeighted":false},"comparable":"$53.28 per 100g","onlineSpecial":false}},{"_type":"PRODUCT","id":3963755,"adId":"display_Bwo3izlhjOnvatGo3NPvAGDH20UKCgoIMzk2Mzc1NVASABoMCIDjnZ8GENWwqPMBIgIIAQ==","adSource":"citrus","featured":true,"name":"Sense \u0026 Spray Automatic Air Freshener Refill Bali Sandalwood \u0026 Jasmine","brand":"Glade","description":"GLADE SENSE \u0026 SPRAY AUTOMATIC AIR FRESHENER REFILL BALI SANDALWOOD \u0026 JASMINE12GRAM","size":"12g","availability":true,"availabilityType":"InStoreAndOnline","imageUris":[{"altText":"","type":"default","uri":"/3/3963755.jpg"}],"locations":[{"aisleSide":null,"description":"Aisle information is not available for this product. Please ask a Team Member at $STORE to help you find this product.","facing":0,"aisle":null,"order":9999,"shelf":null}],"restrictions":{"retailLimit":20,"promotionalLimit":12,"liquorAgeRestrictionFlag":false,"tobaccoAgeRestrictionFlag":false},"merchandiseHeir":{"tradeProfitCentre":"GROCERY","categoryGroup":"HOME CARE","category":"AIRCARE","subCategory":"DEODORISE/AIRFRESH","className":"CONTINUOUS"},"onlineHeirs":[{"aisle":"All Airfreshners","category":"Air Fresheners \u0026 Home Fragrance","subCategory":"Household"}],"pricing":{"now":6.5,"was":0,"unit":{"quantity":1,"ofMeasureQuantity":100,"ofMeasureUnits":"g","price":54.17,"ofMeasureType":"g","isWeighted":false},"comparable":"$54.17 per 100g","onlineSpecial":false}},{"_type":"PRODUCT","id":9213077,"adId":"display_n3xJAz323k7IgoqVZyRQC0Vs1J4KCgoIOTIxMzA3N1ASABoMCIDjnZ8GEKfSqPMBIgIIAQ==","adSource":"citrus","featured":true,"name":"Sense \u0026 Spray Air Freshener Refill Lavender \u0026 Vanilla","brand":"Glade","description":"GLADE SENSE \u0026 SPRAY AIR FRESHENER REFILL LAVENDER \u0026 VANILLA","size":"12.2g","availability":true,"availabilityType":"InStoreAndOnline","imageUris":[{"altText":"","type":"default","uri":"/9/9213077.jpg"}],"locations":[{"aisleSide":null,"description":"Aisle information is not available for this product. Please ask a Team Member at $STORE to help you find this product.","facing":0,"aisle":null,"order":9999,"shelf":null}],"restrictions":{"retailLimit":20,"promotionalLimit":12,"liquorAgeRestrictionFlag":false,"tobaccoAgeRestrictionFlag":false},"merchandiseHeir":{"tradeProfitCentre":"GROCERY","categoryGroup":"HOME CARE","category":"AIRCARE","subCategory":"DEODORISE/AIRFRESH","className":"CONTINUOUS"},"onlineHeirs":[{"aisle":"All Airfreshners","category":"Air Fresheners \u0026 Home Fragrance","subCategory":"Household"}],"pricing":{"now":6.5,"was":0,"unit":{"quantity":1,"ofMeasureQuantity":100,"ofMeasureUnits":"g","price":53.28,"ofMeasureType":"g","isWeighted":false},"comparable":"$53.28 per 100g","onlineSpecial":false}},{"_type":"PRODUCT","id":3057627,"adId":"display_rCEUv-9jXqcEOgWLokaDLebESZgKCgoIMzA1NzYyN1ASABoMCIDjnZ8GEPj7qPMBIgIIAQ==","adSource":"citrus","featured":true,"name":"Sense \u0026 Spray Air Freshener Refill Sheer Vanilla Embrace","brand":"Glade","description":"GLADE SENSE \u0026 SPRAY AIR FRESHENER REFILL SHEER VANILLA EMBRACE 12GRAM","size":"12g","availability":true,"availabilityType":"InStoreAndOnline","imageUris":[{"altText":"","type":"default","uri":"/3/3057627.jpg"}],"locations":[{"aisleSide":null,"description":"Aisle information is not available for this product. Please ask a Team Member at $STORE to help you find this product.","facing":0,"aisle":null,"order":9999,"shelf":null}],"restrictions":{"retailLimit":20,"promotionalLimit":12,"liquorAgeRestrictionFlag":false,"tobaccoAgeRestrictionFlag":false},"merchandiseHeir":{"tradeProfitCentre":"GROCERY","categoryGroup":"HOME CARE","category":"AIRCARE","subCategory":"DEODORISE/AIRFRESH","className":"CONTINUOUS"},"onlineHeirs":[{"aisle":"All Airfreshners","category":"Air Fresheners \u0026 Home Fragrance","subCategory":"Household"}],"pricing":{"now":6.5,"was":0,"unit":{"quantity":1,"ofMeasureQuantity":100,"ofMeasureUnits":"g","price":54.17,"ofMeasureType":"g","isWeighted":false},"comparable":"$54.17 per 100g","onlineSpecial":false}},{"_type":"PRODUCT","id":3970830,"adId":"display_kjnYxu6lsbtF8DmohqScqs5V9IsKCgoIMzk3MDgzMFASABoMCIDjnZ8GELSgqfMBIgIIAQ==","adSource":"citrus","featured":true,"name":"Ambience Ultrasonic Diffuser","brand":"Bosisto's","description":"BOSISTO'S AMBIENCE ULTRASONIC DIFFUSER 1 PACK","size":"1 pack","availability":true,"availabilityType":"InStoreAndOnline","imageUris":[{"altText":"","type":"default","uri":"/3/3970830.jpg"}],"locations":[{"aisleSide":null,"description":"Aisle information is not available for this product. Please ask a Team Member at $STORE to help you find this product.","facing":0,"aisle":null,"order":9999,"shelf":null}],"restrictions":{"retailLimit":20,"promotionalLimit":12,"liquorAgeRestrictionFlag":false,"tobaccoAgeRestrictionFlag":false},"merchandiseHeir":{"tradeProfitCentre":"GROCERY","categoryGroup":"HOME CARE","category":"AIRCARE","subCategory":"DEODORISE/AIRFRESH","className":"CONTINUOUS"},"onlineHeirs":[{"aisle":"All Airfreshners","category":"Air Fresheners \u0026 Home Fragrance","subCategory":"Household"}],"pricing":{"now":40,"was":0,"unit":{"quantity":1,"ofMeasureQuantity":1,"ofMeasureUnits":"ea","price":29,"ofMeasureType":"ea","isWeighted":false},"comparable":"$40.00 per 1ea","onlineSpecial":false}},{"_type":"PRODUCT","id":5241208,"adId":"display_mTt_-W54oKFNkc3tLrFQ7FJzLzwKCgoINTI0MTIwOFASABoMCIDjnZ8GEN7PqfMBIgIIAQ==","adSource":"citrus","featured":true,"name":"Spray Mist Deodoriser Air Freshener","brand":"Nilodor","description":"NILODOR SPRAY DEODORISER 100ML","size":"100mL","availability":true,"availabilityType":"InStoreAndOnline","imageUris":[{"altText":"","type":"default","uri":"/5/5241208.jpg"}],"locations":[{"aisleSide":null,"description":"Aisle information is not available for this product. Please ask a Team Member at $STORE to help you find this product.","facing":0,"aisle":null,"order":9999,"shelf":null}],"restrictions":{"retailLimit":20,"promotionalLimit":12,"liquorAgeRestrictionFlag":false,"tobaccoAgeRestrictionFlag":false},"merchandiseHeir":{"tradeProfitCentre":"GROCERY","categoryGroup":"HOME CARE","category":"AIRCARE","subCategory":"DEODORISE/AIRFRESH","className":"AEROSOL/PUMP PACK"},"onlineHeirs":[{"aisle":"All Airfreshners","category":"Air Fresheners \u0026 Home Fragrance","subCategory":"Household"}],"pricing":{"now":8,"was":0,"unit":{"quantity":1,"ofMeasureQuantity":10,"ofMeasureUnits":"ml","price":0.8,"ofMeasureType":"ml","isWeighted":false},"comparable":"$0.80 per 10mL","onlineSpecial":false}},{"_type":"PRODUCT","id":277886,"adId":"display_zU_W6egfIok1vtBbBlTPp-P3bFgKCQoHMjc3ODg2UBIAGgwIgOOdnwYQp_ep8wEiAggB","adSource":"citrus","featured":true,"name":"Concentrated Deodoriser Odour Neutralising Eliminator Air Freshener","brand":"Nilodor","description":"NILODOR DEODORIZER CONCENTRATE","size":"7.5mL","availability":true,"availabilityType":"InStoreAndOnline","imageUris":[{"altText":"","type":"default","uri":"/2/277886.jpg"}],"locations":[{"aisleSide":null,"description":"Aisle information is not available for this product. Please ask a Team Member at $STORE to help you find this product.","facing":0,"aisle":null,"order":9999,"shelf":null}],"restrictions":{"retailLimit":20,"promotionalLimit":12,"liquorAgeRestrictionFlag":false,"tobaccoAgeRestrictionFlag":false},"merchandiseHeir":{"tradeProfitCentre":"GROCERY","categoryGroup":"HOME CARE","category":"AIRCARE","subCategory":"DEODORISE/AIRFRESH","className":"CONTINUOUS"},"onlineHeirs":[{"aisle":"All Airfreshners","category":"Air Fresheners \u0026 Home Fragrance","subCategory":"Household"}],"pricing":{"now":8,"was":0,"unit":{"quantity":1,"ofMeasureQuantity":10,"ofMeasureUnits":"ml","price":10.67,"ofMeasureType":"ml","isWeighted":false},"comparable":"$10.67 per 10mL","onlineSpecial":false}},{"_type":"PRODUCT","id":80430,"adId":"display_cF3LnVJtZndGqVD-mnH9-lvkKFAKCAoGODA0MzBQEgAaDAiA452fBhCwt6rzASICCAE=","adSource":"citrus","featured":true,"name":"Disinfectant Air Freshener Spray Original","brand":"Glen 20","description":"GLEN 20 DISINFECTANT SPRAY:ORIGINAL:.:300 GRAM","size":"300g","availability":true,"availabilityType":"InStoreAndOnline","imageUris":[{"altText":"","type":"default","uri":"/8/80430.jpg"}],"locations":[{"aisleSide":null,"description":"Aisle information is not available for this product. Please ask a Team Member at $STORE to help you find this product.","facing":0,"aisle":null,"order":9999,"shelf":null}],"restrictions":{"retailLimit":20,"promotionalLimit":12,"liquorAgeRestrictionFlag":false,"tobaccoAgeRestrictionFlag":false},"merchandiseHeir":{"tradeProfitCentre":"GROCERY","categoryGroup":"HOME CARE","category":"CLEANING GOODS","subCategory":"DISINFECTANT","className":"AEROSOL"},"onlineHeirs":[{"aisle":"All Airfreshners","category":"Air Fresheners \u0026 Home Fragrance","subCategory":"Household"}],"pricing":{"now":7.1,"was":9.5,"saveAmount":2.4,"saveStatement":"save $2.40","unit":{"quantity":1,"ofMeasureQuantity":100,"ofMeasureUnits":"g","price":2.37,"ofMeasureType":"g","isWeighted":false},"comparable":"$2.37 per 100g","promotionType":"SPECIAL","onlineSpecial":false}},{"_type":"PRODUCT","id":2682466,"adId":null,"adSource":null,"featured":false,"name":"Air Freshener Lavender \u0026 Aromatic Sage","brand":"Coles","description":"COLES AIR FRESHENER:LAVENDER \u0026 AROMATIC SAGE:.:150 GRAM","size":"150g","availability":true,"availabilityType":"InStoreAndOnline","imageUris":[{"altText":"","type":"default","uri":"/2/2682466.jpg"}],"locations":[{"aisleSide":null,"description":"Aisle information is not available for this product. Please ask a Team Member at $STORE to help you find this product.","facing":0,"aisle":null,"order":9999,"shelf":null}],"restrictions":{"retailLimit":20,"promotionalLimit":20,"liquorAgeRestrictionFlag":false,"tobaccoAgeRestrictionFlag":false},"merchandiseHeir":{"tradeProfitCentre":"GROCERY","categoryGroup":"HOME CARE","category":"AIRCARE","subCategory":"DEODORISE/AIRFRESH","className":"AEROSOL/PUMP PACK"},"onlineHeirs":[{"aisle":"All Airfreshners","category":"Air Fresheners \u0026 Home Fragrance","subCategory":"Household"}],"pricing":{"now":2.7,"was":0,"unit":{"quantity":1,"ofMeasureQuantity":100,"ofMeasureUnits":"g","price":1.8,"ofMeasureType":"g","isWeighted":false},"comparable":"$1.80 per 100g","onlineSpecial":false}},{"_type":"PRODUCT","id":5163068,"adId":null,"adSource":null,"featured":false,"name":"Little Trees Air Freshener","brand":"Magic","description":"MAGIC TREE AIR FRESHENER","size":"1 pack","availability":true,"availabilityType":"InStoreAndOnline","imageUris":[{"altText":"","type":"default","uri":"/5/5163068.jpg"}],"locations":[{"aisleSide":null,"description":"Aisle information is not available for this product. Please ask a Team Member at $STORE to help you find this product.","facing":0,"aisle":null,"order":9999,"shelf":null}],"restrictions":{"retailLimit":20,"promotionalLimit":12,"liquorAgeRestrictionFlag":false,"tobaccoAgeRestrictionFlag":false},"merchandiseHeir":{"tradeProfitCentre":"GROCERY","categoryGroup":"HOME CARE","category":"AIRCARE","subCategory":"DEODORISE/AIRFRESH","className":"CONTINUOUS"},"onlineHeirs":[{"aisle":"All Airfreshners","category":"Air Fresheners \u0026 Home Fragrance","subCategory":"Household"}],"pricing":{"now":2.75,"was":0,"unit":{"quantity":1,"ofMeasureQuantity":1,"ofMeasureUnits":"ea","price":2.75,"ofMeasureType":"ea","isWeighted":false},"comparable":"$2.75 per 1ea","onlineSpecial":false}},{"_type":"PRODUCT","id":2682455,"adId":null,"adSource":null,"featured":false,"name":"Air Freshener Vanilla Orchid \u0026 Ylang Ylang","brand":"Coles","description":"COLES AIR FRESHENER 150G:VANILLA ORCHID \u0026YLANG YLANG:.:150 GRAM","size":"150g","availability":true,"availabilityType":"InStoreAndOnline","imageUris":[{"altText":"","type":"default","uri":"/2/2682455.jpg"}],"locations":[{"aisleSide":null,"description":"Aisle information is not available for this product. Please ask a Team Member at $STORE to help you find this product.","facing":0,"aisle":null,"order":9999,"shelf":null}],"restrictions":{"retailLimit":20,"promotionalLimit":12,"liquorAgeRestrictionFlag":false,"tobaccoAgeRestrictionFlag":false},"merchandiseHeir":{"tradeProfitCentre":"GROCERY","categoryGroup":"HOME CARE","category":"AIRCARE","subCategory":"DEODORISE/AIRFRESH","className":"AEROSOL/PUMP PACK"},"onlineHeirs":[{"aisle":"All Airfreshners","category":"Air Fresheners \u0026 Home Fragrance","subCategory":"Household"}],"pricing":{"now":2.7,"was":0,"unit":{"quantity":1,"ofMeasureQuantity":100,"ofMeasureUnits":"g","price":1.8,"ofMeasureType":"g","isWeighted":false},"comparable":"$1.80 per 100g","onlineSpecial":false}},{"_type":"PRODUCT","id":7518346,"adId":null,"adSource":null,"featured":false,"name":"Disinfectant Spring Fresh Surface Spray","brand":"Coles","description":"COLES SURFACE SPRAY DISINFECTANT SPRING FRESH 300 GM","size":"300g","availability":true,"availabilityType":"InStoreAndOnline","imageUris":[{"altText":"","type":"default","uri":"/7/7518346.jpg"}],"locations":[{"aisleSide":null,"description":"Aisle information is not available for this product. Please ask a Team Member at $STORE to help you find this product.","facing":0,"aisle":null,"order":9999,"shelf":null}],"restrictions":{"retailLimit":20,"promotionalLimit":20,"liquorAgeRestrictionFlag":false,"tobaccoAgeRestrictionFlag":false},"merchandiseHeir":{"tradeProfitCentre":"GROCERY","categoryGroup":"HOME CARE","category":"CLEANING GOODS","subCategory":"DISINFECTANT","className":"AEROSOL"},"onlineHeirs":[{"aisle":"All Airfreshners","category":"Air Fresheners \u0026 Home Fragrance","subCategory":"Household"}],"pricing":{"now":4,"was":0,"unit":{"quantity":1,"ofMeasureQuantity":100,"ofMeasureUnits":"g","price":1.33,"ofMeasureType":"g","isWeighted":false},"comparable":"$1.33 per 100g","onlineSpecial":false}},{"_type":"PRODUCT","id":3742053,"adId":null,"adSource":null,"featured":false,"name":"Air Disinfectant Pure Fresh Water","brand":"Glen 20","description":"GLEN 20 PURE AIR FRESHENER FRESH WATER 283G","size":"283g","availability":true,"availabilityType":"InStoreAndOnline","imageUris":[{"altText":"","type":"default","uri":"/3/3742053.jpg"}],"locations":[{"aisleSide":null,"description":"Aisle information is not available for this product. Please ask a Team Member at $STORE to help you find this product.","facing":0,"aisle":null,"order":9999,"shelf":null}],"restrictions":{"retailLimit":20,"promotionalLimit":12,"liquorAgeRestrictionFlag":false,"tobaccoAgeRestrictionFlag":false},"merchandiseHeir":{"tradeProfitCentre":"GROCERY","categoryGroup":"HOME CARE","category":"CLEANING GOODS","subCategory":"DISINFECTANT","className":"AEROSOL"},"onlineHeirs":[{"aisle":"All Airfreshners","category":"Air Fresheners \u0026 Home Fragrance","subCategory":"Household"}],"pricing":{"now":11.5,"was":0,"unit":{"quantity":1,"ofMeasureQuantity":100,"ofMeasureUnits":"g","price":4.06,"ofMeasureType":"g","isWeighted":false},"comparable":"$4.06 per 100g","promotionType":"SPECIAL","specialType":"MULTI_SAVE","onlineSpecial":true,"offerDescription":"Pick any 2 for $16","multiBuyPromotion":{"type":"MultibuyMultiSku","id":"727459506","minQuantity":2,"reward":8}}},{"_type":"PRODUCT","id":4261345,"adId":null,"adSource":null,"featured":false,"name":"Original Disinfectant Spray","brand":"Glen 20","description":"GLEN 20 ORIGINAL DISINFECTANT SPRAY 375G","size":"375g","availability":true,"availabilityType":"InStoreAndOnline","imageUris":[{"altText":"","type":"default","uri":"/4/4261345.jpg"}],"locations":[{"aisleSide":null,"description":"Aisle information is not available for this product. Please ask a Team Member at $STORE to help you find this product.","facing":0,"aisle":null,"order":9999,"shelf":null}],"restrictions":{"retailLimit":20,"promotionalLimit":12,"liquorAgeRestrictionFlag":false,"tobaccoAgeRestrictionFlag":false},"merchandiseHeir":{"tradeProfitCentre":"GROCERY","categoryGroup":"HOME CARE","category":"CLEANING GOODS","subCategory":"DISINFECTANT","className":"AEROSOL"},"onlineHeirs":[{"aisle":"All Airfreshners","category":"Air Fresheners \u0026 Home Fragrance","subCategory":"Household"}],"pricing":{"now":11.5,"was":0,"unit":{"quantity":1,"ofMeasureQuantity":100,"ofMeasureUnits":"g","price":3.07,"ofMeasureType":"g","isWeighted":false},"comparable":"$3.07 per 100g","onlineSpecial":false}},{"_type":"PRODUCT","id":4952415,"adId":null,"adSource":null,"featured":false,"name":"Air Freshener Mango Crush","brand":"Coles","description":"COLES AIR FRESHENER MANGO CRUSH 237G","size":"237g","availability":true,"availabilityType":"InStoreAndOnline","imageUris":[{"altText":"","type":"default","uri":"/4/4952415.jpg"}],"locations":[{"aisleSide":null,"description":"Aisle information is not available for this product. Please ask a Team Member at $STORE to help you find this product.","facing":0,"aisle":null,"order":9999,"shelf":null}],"restrictions":{"retailLimit":20,"promotionalLimit":12,"liquorAgeRestrictionFlag":false,"tobaccoAgeRestrictionFlag":false},"merchandiseHeir":{"tradeProfitCentre":"GROCERY","categoryGroup":"HOME CARE","category":"AIRCARE","subCategory":"DEODORISE/AIRFRESH","className":"AEROSOL/PUMP PACK"},"onlineHeirs":[{"aisle":"All Airfreshners","category":"Air Fresheners \u0026 Home Fragrance","subCategory":"Household"}],"pricing":{"now":1.9,"was":0,"unit":{"quantity":1,"ofMeasureQuantity":100,"ofMeasureUnits":"g","price":0.8,"ofMeasureType":"g","isWeighted":false},"comparable":"$0.80 per 100g","onlineSpecial":false}},{"_type":"PRODUCT","id":4261378,"adId":null,"adSource":null,"featured":false,"name":"Citrus Breeze Disinfectant Spray","brand":"Glen 20","description":"GLEN 20 CITRUS BREEZE DISINFECTANT SPRAY 375G","size":"375g","availability":true,"availabilityType":"InStoreAndOnline","imageUris":[{"altText":"","type":"default","uri":"/4/4261378.jpg"}],"locations":[{"aisleSide":null,"description":"Aisle information is not available for this product. Please ask a Team Member at $STORE to help you find this product.","facing":0,"aisle":null,"order":9999,"shelf":null}],"restrictions":{"retailLimit":20,"promotionalLimit":12,"liquorAgeRestrictionFlag":false,"tobaccoAgeRestrictionFlag":false},"merchandiseHeir":{"tradeProfitCentre":"GROCERY","categoryGroup":"HOME CARE","category":"CLEANING GOODS","subCategory":"DISINFECTANT","className":"AEROSOL"},"onlineHeirs":[{"aisle":"All Airfreshners","category":"Air Fresheners \u0026 Home Fragrance","subCategory":"Household"}],"pricing":{"now":11.5,"was":0,"unit":{"quantity":1,"ofMeasureQuantity":100,"ofMeasureUnits":"g","price":3.07,"ofMeasureType":"g","isWeighted":false},"comparable":"$3.07 per 100g","onlineSpecial":false}},{"_type":"PRODUCT","id":3059032,"adId":null,"adSource":null,"featured":false,"name":"Air Freshener Fresh Linen","brand":"Coles","description":"COLES AIR FRESHENER FRESH LINEN 150G","size":"150g","availability":true,"availabilityType":"InStoreAndOnline","imageUris":[{"altText":"","type":"default","uri":"/3/3059032.jpg"}],"locations":[{"aisleSide":null,"description":"Aisle information is not available for this product. Please ask a Team Member at $STORE to help you find this product.","facing":0,"aisle":null,"order":9999,"shelf":null}],"restrictions":{"retailLimit":20,"promotionalLimit":12,"liquorAgeRestrictionFlag":false,"tobaccoAgeRestrictionFlag":false},"merchandiseHeir":{"tradeProfitCentre":"GROCERY","categoryGroup":"HOME CARE","category":"AIRCARE","subCategory":"DEODORISE/AIRFRESH","className":"AEROSOL/PUMP PACK"},"onlineHeirs":[{"aisle":"All Airfreshners","category":"Air Fresheners \u0026 Home Fragrance","subCategory":"Household"}],"pricing":{"now":2.7,"was":0,"unit":{"quantity":1,"ofMeasureQuantity":100,"ofMeasureUnits":"g","price":1.8,"ofMeasureType":"g","isWeighted":false},"comparable":"$1.80 per 100g","onlineSpecial":false}},{"_type":"PRODUCT","id":4232595,"adId":null,"adSource":null,"featured":false,"name":"Disinfectant Cleaner Concentrate Citrus","brand":"White King","description":"WHITE KING DISINFECTANT CLEANER CONCENTRATE CITRUS 1L","size":"1L","availability":true,"availabilityType":"InStoreAndOnline","imageUris":[{"altText":"","type":"default","uri":"/4/4232595.jpg"}],"locations":[{"aisleSide":null,"description":"Aisle information is not available for this product. Please ask a Team Member at $STORE to help you find this product.","facing":0,"aisle":null,"order":9999,"shelf":null}],"restrictions":{"retailLimit":20,"promotionalLimit":12,"liquorAgeRestrictionFlag":false,"tobaccoAgeRestrictionFlag":false},"merchandiseHeir":{"tradeProfitCentre":"GROCERY","categoryGroup":"HOME CARE","category":"CLEANING GOODS","subCategory":"DISINFECTANT","className":"GELS"},"onlineHeirs":[{"aisle":"Mould killers \u0026 disinfectants","category":"Cleaning goods","subCategory":"Household"},{"aisle":"All Airfreshners","category":"Air Fresheners \u0026 Home Fragrance","subCategory":"Household"}],"pricing":{"now":6,"was":0,"unit":{"quantity":1,"ofMeasureQuantity":100,"ofMeasureUnits":"ml","price":0.6,"ofMeasureType":"ml","isWeighted":false},"comparable":"$0.60 per 100mL","onlineSpecial":false}},{"_type":"PRODUCT","id":2682488,"adId":null,"adSource":null,"featured":false,"name":"Air Freshener Cherry Blossom","brand":"Coles","description":"COLES AIR FRESHENER 150G:CHERRY BLOSSOM:.:150 GRAM","size":"150g","availability":true,"availabilityType":"InStoreAndOnline","imageUris":[{"altText":"","type":"default","uri":"/2/2682488.jpg"}],"locations":[{"aisleSide":null,"description":"Aisle information is not available for this product. Please ask a Team Member at $STORE to help you find this product.","facing":0,"aisle":null,"order":9999,"shelf":null}],"restrictions":{"retailLimit":20,"promotionalLimit":12,"liquorAgeRestrictionFlag":false,"tobaccoAgeRestrictionFlag":false},"merchandiseHeir":{"tradeProfitCentre":"GROCERY","categoryGroup":"HOME CARE","category":"AIRCARE","subCategory":"DEODORISE/AIRFRESH","className":"AEROSOL/PUMP PACK"},"onlineHeirs":[{"aisle":"All Airfreshners","category":"Air Fresheners \u0026 Home Fragrance","subCategory":"Household"}],"pricing":{"now":2.7,"was":0,"unit":{"quantity":1,"ofMeasureQuantity":100,"ofMeasureUnits":"g","price":1.8,"ofMeasureType":"g","isWeighted":false},"comparable":"$1.80 per 100g","onlineSpecial":false}},{"_type":"PRODUCT","id":4261276,"adId":null,"adSource":null,"featured":false,"name":"Disinfectant Spray Crisp Linen","brand":"Glen 20","description":"GLEN 20 DISINFECTANT SPRAY CRISP LINEN 300G","size":"300g","availability":true,"availabilityType":"InStoreAndOnline","imageUris":[{"altText":"","type":"default","uri":"/4/4261276.jpg"}],"locations":[{"aisleSide":null,"description":"Aisle information is not available for this product. Please ask a Team Member at $STORE to help you find this product.","facing":0,"aisle":null,"order":9999,"shelf":null}],"restrictions":{"retailLimit":20,"promotionalLimit":12,"liquorAgeRestrictionFlag":false,"tobaccoAgeRestrictionFlag":false},"merchandiseHeir":{"tradeProfitCentre":"GROCERY","categoryGroup":"HOME CARE","category":"CLEANING GOODS","subCategory":"DISINFECTANT","className":"AEROSOL"},"onlineHeirs":[{"aisle":"All Airfreshners","category":"Air Fresheners \u0026 Home Fragrance","subCategory":"Household"}],"pricing":{"now":7.1,"was":9.5,"saveAmount":2.4,"saveStatement":"save $2.40","unit":{"quantity":1,"ofMeasureQuantity":100,"ofMeasureUnits":"g","price":2.37,"ofMeasureType":"g","isWeighted":false},"comparable":"$2.37 per 100g","promotionType":"SPECIAL","onlineSpecial":false}},{"_type":"PRODUCT","id":8159227,"adId":null,"adSource":null,"featured":false,"name":"Lavender Air Freshener Spray","brand":"Glen 20","description":"GLEN 20 DISINFECTANT SPRAY:LAVENDER:.:300 GRAM","size":"300g","availability":true,"availabilityType":"InStoreAndOnline","imageUris":[{"altText":"","type":"default","uri":"/8/8159227.jpg"}],"locations":[{"aisleSide":null,"description":"Aisle information is not available for this product. Please ask a Team Member at $STORE to help you find this product.","facing":0,"aisle":null,"order":9999,"shelf":null}],"restrictions":{"retailLimit":20,"promotionalLimit":12,"liquorAgeRestrictionFlag":false,"tobaccoAgeRestrictionFlag":false},"merchandiseHeir":{"tradeProfitCentre":"GROCERY","categoryGroup":"HOME CARE","category":"CLEANING GOODS","subCategory":"DISINFECTANT","className":"AEROSOL"},"onlineHeirs":[{"aisle":"All Airfreshners","category":"Air Fresheners \u0026 Home Fragrance","subCategory":"Household"}],"pricing":{"now":7.1,"was":9.5,"saveAmount":2.4,"saveStatement":"save $2.40","unit":{"quantity":1,"ofMeasureQuantity":100,"ofMeasureUnits":"g","price":2.37,"ofMeasureType":"g","isWeighted":false},"comparable":"$2.37 per 100g","promotionType":"SPECIAL","onlineSpecial":false}},{"_type":"PRODUCT","id":8162130,"adId":null,"adSource":null,"featured":false,"name":"Air Effects Linen \u0026 Sky Air Freshener","brand":"Ambi Pur","description":"AMBI PUR AIR EFFECT:LINEN \u0026 SKY:.:275 GRAM","size":"275g","availability":true,"availabilityType":"InStoreAndOnline","imageUris":[{"altText":"","type":"default","uri":"/8/8162130.jpg"}],"locations":[{"aisleSide":null,"description":"Aisle information is not available for this product. Please ask a Team Member at $STORE to help you find this product.","facing":0,"aisle":null,"order":9999,"shelf":null}],"restrictions":{"retailLimit":20,"promotionalLimit":12,"liquorAgeRestrictionFlag":false,"tobaccoAgeRestrictionFlag":false},"merchandiseHeir":{"tradeProfitCentre":"GROCERY","categoryGroup":"HOME CARE","category":"AIRCARE","subCategory":"DEODORISE/AIRFRESH","className":"AEROSOL/PUMP PACK"},"onlineHeirs":[{"aisle":"All Airfreshners","category":"Air Fresheners \u0026 Home Fragrance","subCategory":"Household"}],"pricing":{"now":6,"was":0,"unit":{"quantity":1,"ofMeasureQuantity":100,"ofMeasureUnits":"g","price":2.18,"ofMeasureType":"g","isWeighted":false},"comparable":"$2.18 per 100g","onlineSpecial":false}},{"_type":"PRODUCT","id":2709857,"adId":null,"adSource":null,"featured":false,"name":"Mini Clip Thai Dragon Fruit Car Air Freshener","brand":"Ambi Pur","description":"AMBI PUR CAR VENT:THAI DRAGON:.:2 ML","size":"2mL","availability":true,"availabilityType":"InStoreAndOnline","imageUris":[{"altText":"","type":"default","uri":"/2/2709857.jpg"}],"locations":[{"aisleSide":null,"description":"Aisle information is not available for this product. Please ask a Team Member at $STORE to help you find this product.","facing":0,"aisle":null,"order":9999,"shelf":null}],"restrictions":{"retailLimit":20,"promotionalLimit":12,"liquorAgeRestrictionFlag":false,"tobaccoAgeRestrictionFlag":false},"merchandiseHeir":{"tradeProfitCentre":"GROCERY","categoryGroup":"HOME CARE","category":"AIRCARE","subCategory":"DEODORISE/AIRFRESH","className":"CONTINUOUS"},"onlineHeirs":[{"aisle":"All Airfreshners","category":"Air Fresheners \u0026 Home Fragrance","subCategory":"Household"}],"pricing":{"now":4.8,"was":0,"unit":{"quantity":1,"ofMeasureQuantity":10,"ofMeasureUnits":"ml","price":24,"ofMeasureType":"ml","isWeighted":false},"comparable":"$24.00 per 10mL","promotionType":"SPECIAL","onlineSpecial":false}},{"_type":"PRODUCT","id":6120231,"adId":null,"adSource":null,"featured":false,"name":"Carpet Fresh Country Vanilla","brand":"Air Wick","description":"AIRWICK CARPET FRESH:COUNTRY VANILLA:.:500 GRAM","size":"500g","availability":true,"availabilityType":"InStoreAndOnline","imageUris":[{"altText":"","type":"default","uri":"/6/6120231.jpg"}],"locations":[{"aisleSide":null,"description":"Aisle information is not available for this product. Please ask a Team Member at $STORE to help you find this product.","facing":0,"aisle":null,"order":9999,"shelf":null}],"restrictions":{"retailLimit":20,"promotionalLimit":12,"liquorAgeRestrictionFlag":false,"tobaccoAgeRestrictionFlag":false},"merchandiseHeir":{"tradeProfitCentre":"GROCERY","categoryGroup":"HOME CARE","category":"CLEANING GOODS","subCategory":"CARPET","className":"POWDER"},"onlineHeirs":[{"aisle":"All Airfreshners","category":"Air Fresheners \u0026 Home Fragrance","subCategory":"Household"}],"pricing":{"now":5.25,"was":0,"unit":{"quantity":1,"ofMeasureQuantity":100,"ofMeasureUnits":"g","price":1.05,"ofMeasureType":"g","isWeighted":false},"comparable":"$1.05 per 100g","onlineSpecial":false}},{"_type":"PRODUCT","id":3314800,"adId":null,"adSource":null,"featured":false,"name":"Berry Breeze Disinfectant Spray","brand":"Glen 20","description":"GLEN 20 DISINFECTANT SPRAY BERRY BREEZE 300 GRAM","size":"300g","availability":true,"availabilityType":"InStoreAndOnline","imageUris":[{"altText":"","type":"default","uri":"/3/3314800.jpg"}],"locations":[{"aisleSide":null,"description":"Aisle information is not available for this product. Please ask a Team Member at $STORE to help you find this product.","facing":0,"aisle":null,"order":9999,"shelf":null}],"restrictions":{"retailLimit":20,"promotionalLimit":12,"liquorAgeRestrictionFlag":false,"tobaccoAgeRestrictionFlag":false},"merchandiseHeir":{"tradeProfitCentre":"GROCERY","categoryGroup":"HOME CARE","category":"CLEANING GOODS","subCategory":"DISINFECTANT","className":"AEROSOL"},"onlineHeirs":[{"aisle":"All Airfreshners","category":"Air Fresheners \u0026 Home Fragrance","subCategory":"Household"}],"pricing":{"now":7.1,"was":9.5,"saveAmount":2.4,"saveStatement":"save $2.40","unit":{"quantity":1,"ofMeasureQuantity":100,"ofMeasureUnits":"g","price":2.37,"ofMeasureType":"g","isWeighted":false},"comparable":"$2.37 per 100g","promotionType":"SPECIAL","onlineSpecial":false}},{"_type":"PRODUCT","id":8689093,"adId":null,"adSource":null,"featured":false,"name":"Air Effects Thai Dragon Fruit Air Freshener","brand":"Ambi Pur","description":"AMBI PUR AIR EFFECT:THAI DRAGON:.:275 GRAM","size":"275g","availability":true,"availabilityType":"InStoreAndOnline","imageUris":[{"altText":"","type":"default","uri":"/8/8689093.jpg"}],"locations":[{"aisleSide":null,"description":"Aisle information is not available for this product. Please ask a Team Member at $STORE to help you find this product.","facing":0,"aisle":null,"order":9999,"shelf":null}],"restrictions":{"retailLimit":20,"promotionalLimit":12,"liquorAgeRestrictionFlag":false,"tobaccoAgeRestrictionFlag":false},"merchandiseHeir":{"tradeProfitCentre":"GROCERY","categoryGroup":"HOME CARE","category":"AIRCARE","subCategory":"DEODORISE/AIRFRESH","className":"AEROSOL/PUMP PACK"},"onlineHeirs":[{"aisle":"All Airfreshners","category":"Air Fresheners \u0026 Home Fragrance","subCategory":"Household"}],"pricing":{"now":6,"was":0,"unit":{"quantity":1,"ofMeasureQuantity":100,"ofMeasureUnits":"g","price":2.18,"ofMeasureType":"g","isWeighted":false},"comparable":"$2.18 per 100g","onlineSpecial":false}},{"_type":"PRODUCT","id":5097236,"adId":null,"adSource":null,"featured":false,"name":"Gold 24H Protection Original","brand":"Glen 20","description":"GLEN 20 GOLD 24H PROTECTION ORIGINAL 300G","size":"300g","availability":true,"availabilityType":"InStoreAndOnline","imageUris":[{"altText":"","type":"default","uri":"/5/5097236.jpg"}],"locations":[{"aisleSide":null,"description":"Aisle information is not available for this product. Please ask a Team Member at $STORE to help you find this product.","facing":0,"aisle":null,"order":9999,"shelf":null}],"restrictions":{"retailLimit":20,"promotionalLimit":12,"liquorAgeRestrictionFlag":false,"tobaccoAgeRestrictionFlag":false},"merchandiseHeir":{"tradeProfitCentre":"GROCERY","categoryGroup":"HOME CARE","category":"CLEANING GOODS","subCategory":"DISINFECTANT","className":"AEROSOL"},"onlineHeirs":[{"aisle":"All Airfreshners","category":"Air Fresheners \u0026 Home Fragrance","subCategory":"Household"}],"pricing":{"now":11.5,"was":0,"unit":{"quantity":1,"ofMeasureQuantity":100,"ofMeasureUnits":"g","price":3.83,"ofMeasureType":"g","isWeighted":false},"comparable":"$3.83 per 100g","promotionType":"SPECIAL","specialType":"MULTI_SAVE","onlineSpecial":true,"offerDescription":"Pick any 2 for $15","multiBuyPromotion":{"type":"MultibuyMultiSku","id":"727459503","minQuantity":2,"reward":7.5}}},{"_type":"PRODUCT","id":5101650,"adId":null,"adSource":null,"featured":false,"name":"Gold 24H Protection Citrus","brand":"Glen 20","description":"GLEN 20 GOLD 24H PROTECTION CITRUS 300G","size":"300g","availability":true,"availabilityType":"InStoreAndOnline","imageUris":[{"altText":"","type":"default","uri":"/5/5101650.jpg"}],"locations":[{"aisleSide":null,"description":"Aisle information is not available for this product. Please ask a Team Member at $STORE to help you find this product.","facing":0,"aisle":null,"order":9999,"shelf":null}],"restrictions":{"retailLimit":20,"promotionalLimit":12,"liquorAgeRestrictionFlag":false,"tobaccoAgeRestrictionFlag":false},"merchandiseHeir":{"tradeProfitCentre":"GROCERY","categoryGroup":"HOME CARE","category":"CLEANING GOODS","subCategory":"DISINFECTANT","className":"AEROSOL"},"onlineHeirs":[{"aisle":"All Airfreshners","category":"Air Fresheners \u0026 Home Fragrance","subCategory":"Household"}],"pricing":{"now":11.5,"was":0,"unit":{"quantity":1,"ofMeasureQuantity":100,"ofMeasureUnits":"g","price":3.83,"ofMeasureType":"g","isWeighted":false},"comparable":"$3.83 per 100g","promotionType":"SPECIAL","specialType":"MULTI_SAVE","onlineSpecial":true,"offerDescription":"Pick any 2 for $15","multiBuyPromotion":{"type":"MultibuyMultiSku","id":"727459503","minQuantity":2,"reward":7.5}}},{"_type":"PRODUCT","id":2357614,"adId":null,"adSource":null,"featured":false,"name":"Lemongrass \u0026 Cedarwood Air Freshener","brand":"Organic Choice","description":"ORGANIC CHOICE AIR FRESHENER LEMONGRASS \u0026 CEDARWOOD 200 ML","size":"200mL","availability":true,"availabilityType":"InStoreAndOnline","imageUris":[{"altText":"","type":"default","uri":"/2/2357614.jpg"}],"locations":[{"aisleSide":null,"description":"Aisle information is not available for this product. Please ask a Team Member at $STORE to help you find this product.","facing":0,"aisle":null,"order":9999,"shelf":null}],"restrictions":{"retailLimit":20,"promotionalLimit":12,"liquorAgeRestrictionFlag":false,"tobaccoAgeRestrictionFlag":false},"merchandiseHeir":{"tradeProfitCentre":"GROCERY","categoryGroup":"HOME CARE","category":"AIRCARE","subCategory":"DEODORISE/AIRFRESH","className":"AEROSOL/PUMP PACK"},"onlineHeirs":[{"aisle":"All Airfreshners","category":"Air Fresheners \u0026 Home Fragrance","subCategory":"Household"}],"pricing":{"now":5.35,"was":0,"unit":{"quantity":1,"ofMeasureQuantity":10,"ofMeasureUnits":"ml","price":0.27,"ofMeasureType":"ml","isWeighted":false},"comparable":"$0.27 per 10mL","onlineSpecial":false}},{"_type":"PRODUCT","id":7106054,"adId":null,"adSource":null,"featured":false,"name":"Disinfectant Citrus Breeze Spray","brand":"Glen 20","description":"GLEN 20 DISINFECTANT SPRAY:CITRUS BREEZE:.:300 GRAM","size":"300g","availability":true,"availabilityType":"InStoreAndOnline","imageUris":[{"altText":"","type":"default","uri":"/7/7106054.jpg"}],"locations":[{"aisleSide":null,"description":"Aisle information is not available for this product. Please ask a Team Member at $STORE to help you find this product.","facing":0,"aisle":null,"order":9999,"shelf":null}],"restrictions":{"retailLimit":20,"promotionalLimit":12,"liquorAgeRestrictionFlag":false,"tobaccoAgeRestrictionFlag":false},"merchandiseHeir":{"tradeProfitCentre":"GROCERY","categoryGroup":"HOME CARE","category":"CLEANING GOODS","subCategory":"DISINFECTANT","className":"AEROSOL"},"onlineHeirs":[{"aisle":"All Airfreshners","category":"Air Fresheners \u0026 Home Fragrance","subCategory":"Household"}],"pricing":{"now":7.1,"was":9.5,"saveAmount":2.4,"saveStatement":"save $2.40","unit":{"quantity":1,"ofMeasureQuantity":100,"ofMeasureUnits":"g","price":2.37,"ofMeasureType":"g","isWeighted":false},"comparable":"$2.37 per 100g","promotionType":"SPECIAL","onlineSpecial":false}},{"_type":"PRODUCT","id":3059407,"adId":null,"adSource":null,"featured":false,"name":"Pure Freshmatic Cherry Blossom Refill Pack","brand":"Air Wick","description":"AIR WICK PURE FRESHMATIC REFILL 157 GRAM:CHERRY BLOSSOM:.:157 GRAM","size":"157g","availability":true,"availabilityType":"InStoreAndOnline","imageUris":[{"altText":"","type":"default","uri":"/3/3059407.jpg"}],"locations":[{"aisleSide":null,"description":"Aisle information is not available for this product. Please ask a Team Member at $STORE to help you find this product.","facing":0,"aisle":null,"order":9999,"shelf":null}],"restrictions":{"retailLimit":20,"promotionalLimit":12,"liquorAgeRestrictionFlag":false,"tobaccoAgeRestrictionFlag":false},"merchandiseHeir":{"tradeProfitCentre":"GROCERY","categoryGroup":"HOME CARE","category":"AIRCARE","subCategory":"DEODORISE/AIRFRESH","className":"CONTINUOUS"},"onlineHeirs":[{"aisle":"All Airfreshners","category":"Air Fresheners \u0026 Home Fragrance","subCategory":"Household"}],"pricing":{"now":11,"was":0,"unit":{"quantity":1,"ofMeasureQuantity":100,"ofMeasureUnits":"g","price":7.01,"ofMeasureType":"g","isWeighted":false},"comparable":"$7.01 per 100g","promotionType":"SPECIAL","specialType":"MULTI_SAVE","onlineSpecial":false,"offerDescription":"Pick any 2 for $17","multiBuyPromotion":{"type":"MultibuyMultiSku","id":"727450387","minQuantity":2,"reward":8.5}}},{"_type":"PRODUCT","id":3742064,"adId":null,"adSource":null,"featured":false,"name":"Pure Air Freshener Morning Breeze","brand":"Glen 20","description":"GLEN 20 PURE AIR FRESHENER MORNING BREEZE 283G","size":"283g","availability":true,"availabilityType":"InStoreAndOnline","imageUris":[{"altText":"","type":"default","uri":"/3/3742064.jpg"}],"locations":[{"aisleSide":null,"description":"Aisle information is not available for this product. Please ask a Team Member at $STORE to help you find this product.","facing":0,"aisle":null,"order":9999,"shelf":null}],"restrictions":{"retailLimit":20,"promotionalLimit":12,"liquorAgeRestrictionFlag":false,"tobaccoAgeRestrictionFlag":false},"merchandiseHeir":{"tradeProfitCentre":"GROCERY","categoryGroup":"HOME CARE","category":"CLEANING GOODS","subCategory":"DISINFECTANT","className":"AEROSOL"},"onlineHeirs":[{"aisle":"All Airfreshners","category":"Air Fresheners \u0026 Home Fragrance","subCategory":"Household"}],"pricing":{"now":11.5,"was":0,"unit":{"quantity":1,"ofMeasureQuantity":100,"ofMeasureUnits":"g","price":4.06,"ofMeasureType":"g","isWeighted":false},"comparable":"$4.06 per 100g","promotionType":"SPECIAL","specialType":"MULTI_SAVE","onlineSpecial":true,"offerDescription":"Pick any 2 for $16","multiBuyPromotion":{"type":"MultibuyMultiSku","id":"727459506","minQuantity":2,"reward":8}}},{"_type":"PRODUCT","id":3411056,"adId":null,"adSource":null,"featured":false,"name":"Pure Cherry Blossom Fragrance Infused With Essential Oil 19mL","brand":"Air Wick","description":"AIR WICK PURE LE PRIME CHERRY BLOSSOM 19ML","size":"1 pack","availability":true,"availabilityType":"InStoreAndOnline","imageUris":[{"altText":"","type":"default","uri":"/3/3411056.jpg"}],"locations":[{"aisleSide":null,"description":"Aisle information is not available for this product. Please ask a Team Member at $STORE to help you find this product.","facing":0,"aisle":null,"order":9999,"shelf":null}],"restrictions":{"retailLimit":20,"promotionalLimit":12,"liquorAgeRestrictionFlag":false,"tobaccoAgeRestrictionFlag":false},"merchandiseHeir":{"tradeProfitCentre":"GROCERY","categoryGroup":"HOME CARE","category":"AIRCARE","subCategory":"DEODORISE/AIRFRESH","className":"AEROSOL/PUMP PACK"},"onlineHeirs":[{"aisle":"All Airfreshners","category":"Air Fresheners \u0026 Home Fragrance","subCategory":"Household"}],"pricing":{"now":14,"was":0,"unit":{"quantity":1,"ofMeasureQuantity":1,"ofMeasureUnits":"ea","price":14,"ofMeasureType":"ea","isWeighted":false},"comparable":"$14.00 per 1ea","onlineSpecial":false}},{"_type":"PRODUCT","id":3963799,"adId":null,"adSource":null,"featured":false,"name":"Air Freshner Aerosol Vanilla","brand":"Air Wick","description":"AIR WICK AIR FRESHNER AEROSOL VANILLA 237 GRAM","size":"237g","availability":true,"availabilityType":"InStoreAndOnline","imageUris":[{"altText":"","type":"default","uri":"/3/3963799.jpg"}],"locations":[{"aisleSide":null,"description":"Aisle information is not available for this product. Please ask a Team Member at $STORE to help you find this product.","facing":0,"aisle":null,"order":9999,"shelf":null}],"restrictions":{"retailLimit":20,"promotionalLimit":12,"liquorAgeRestrictionFlag":false,"tobaccoAgeRestrictionFlag":false},"merchandiseHeir":{"tradeProfitCentre":"GROCERY","categoryGroup":"HOME CARE","category":"AIRCARE","subCategory":"DEODORISE/AIRFRESH","className":"CONTINUOUS"},"onlineHeirs":[{"aisle":"All Airfreshners","category":"Air Fresheners \u0026 Home Fragrance","subCategory":"Household"}],"pricing":{"now":4.5,"was":0,"unit":{"quantity":1,"ofMeasureQuantity":100,"ofMeasureUnits":"g","price":1.9,"ofMeasureType":"g","isWeighted":false},"comparable":"$1.90 per 100g","onlineSpecial":false}},{"_type":"PRODUCT","id":4886161,"adId":null,"adSource":null,"featured":false,"name":"Solid Air Freshener Lavender","brand":"Glade","description":"GLADE SOLID AIR FRESHENER LAVENDER 180G","size":"180g","availability":true,"availabilityType":"InStoreAndOnline","imageUris":[{"altText":"","type":"default","uri":"/4/4886161.jpg"}],"locations":[{"aisleSide":null,"description":"Aisle information is not available for this product. Please ask a Team Member at $STORE to help you find this product.","facing":0,"aisle":null,"order":9999,"shelf":null}],"restrictions":{"retailLimit":20,"promotionalLimit":12,"liquorAgeRestrictionFlag":false,"tobaccoAgeRestrictionFlag":false},"merchandiseHeir":{"tradeProfitCentre":"GROCERY","categoryGroup":"HOME CARE","category":"AIRCARE","subCategory":"DEODORISE/AIRFRESH","className":"CONTINUOUS"},"onlineHeirs":[{"aisle":"All Airfreshners","category":"Air Fresheners \u0026 Home Fragrance","subCategory":"Household"}],"pricing":{"now":3.75,"was":4,"saveAmount":0.25,"priceDescription":"Was $4.00 on Nov 2022","unit":{"quantity":1,"ofMeasureQuantity":100,"ofMeasureUnits":"g","price":2.08,"ofMeasureType":"g","isWeighted":false},"comparable":"$2.08 per 100g","promotionType":"DOWNDOWN","onlineSpecial":false}},{"_type":"PRODUCT","id":1182956,"adId":null,"adSource":null,"featured":false,"name":"Air Freshener Spray Lavender","brand":"Air Wick","description":"AIR WICK AIR FRESHENER AEROSOL:LAVENDER:.:237 GRAM","size":"237g","availability":true,"availabilityType":"InStoreAndOnline","imageUris":[{"altText":"","type":"default","uri":"/1/1182956.jpg"}],"locations":[{"aisleSide":null,"description":"Aisle information is not available for this product. Please ask a Team Member at $STORE to help you find this product.","facing":0,"aisle":null,"order":9999,"shelf":null}],"restrictions":{"retailLimit":20,"promotionalLimit":12,"liquorAgeRestrictionFlag":false,"tobaccoAgeRestrictionFlag":false},"merchandiseHeir":{"tradeProfitCentre":"GROCERY","categoryGroup":"HOME CARE","category":"AIRCARE","subCategory":"DEODORISE/AIRFRESH","className":"CONTINUOUS"},"onlineHeirs":[{"aisle":"All Airfreshners","category":"Air Fresheners \u0026 Home Fragrance","subCategory":"Household"}],"pricing":{"now":4.5,"was":0,"unit":{"quantity":1,"ofMeasureQuantity":100,"ofMeasureUnits":"g","price":1.9,"ofMeasureType":"g","isWeighted":false},"comparable":"$1.90 per 100g","onlineSpecial":false}},{"_type":"PRODUCT","id":3413415,"adId":null,"adSource":null,"featured":false,"name":"Essential Oils Candle Vanilla \u0026 Soft Cashmere","brand":"Air Wick","description":"AIR WICK ESSENTIAL OILS CANDLE VANILLA BEAN","size":"1 pack","availability":true,"availabilityType":"InStoreAndOnline","imageUris":[{"altText":"","type":"default","uri":"/3/3413415.jpg"}],"locations":[{"aisleSide":null,"description":"Aisle information is not available for this product. Please ask a Team Member at $STORE to help you find this product.","facing":0,"aisle":null,"order":9999,"shelf":null}],"restrictions":{"retailLimit":20,"promotionalLimit":12,"liquorAgeRestrictionFlag":false,"tobaccoAgeRestrictionFlag":false},"merchandiseHeir":{"tradeProfitCentre":"GROCERY","categoryGroup":"HOME CARE","category":"AIRCARE","subCategory":"DEODORISE/AIRFRESH","className":"CONTINUOUS"},"onlineHeirs":[{"aisle":"All Airfreshners","category":"Air Fresheners \u0026 Home Fragrance","subCategory":"Household"}],"pricing":{"now":4,"was":8,"saveAmount":4,"saveStatement":"save $4.00","unit":{"quantity":1,"ofMeasureQuantity":1,"ofMeasureUnits":"ea","price":4,"ofMeasureType":"ea","isWeighted":false},"comparable":"$4.00 per 1ea","promotionType":"SPECIAL","onlineSpecial":false}},{"_type":"PRODUCT","id":3413437,"adId":null,"adSource":null,"featured":false,"name":"Essential Oils Candle Berry Blossom","brand":"Air Wick","description":"AIR WICK ESSENTIAL OILS CANDLE MOUNTAIN BERRY","size":"1 pack","availability":true,"availabilityType":"InStoreAndOnline","imageUris":[{"altText":"","type":"default","uri":"/3/3413437.jpg"}],"locations":[{"aisleSide":null,"description":"Aisle information is not available for this product. Please ask a Team Member at $STORE to help you find this product.","facing":0,"aisle":null,"order":9999,"shelf":null}],"restrictions":{"retailLimit":20,"promotionalLimit":12,"liquorAgeRestrictionFlag":false,"tobaccoAgeRestrictionFlag":false},"merchandiseHeir":{"tradeProfitCentre":"GROCERY","categoryGroup":"HOME CARE","category":"AIRCARE","subCategory":"DEODORISE/AIRFRESH","className":"CONTINUOUS"},"onlineHeirs":[{"aisle":"All Airfreshners","category":"Air Fresheners \u0026 Home Fragrance","subCategory":"Household"}],"pricing":{"now":4,"was":8,"saveAmount":4,"saveStatement":"save $4.00","unit":{"quantity":1,"ofMeasureQuantity":1,"ofMeasureUnits":"ea","price":4,"ofMeasureType":"ea","isWeighted":false},"comparable":"$4.00 per 1ea","promotionType":"SPECIAL","onlineSpecial":false}},{"_type":"PRODUCT","id":3413448,"adId":null,"adSource":null,"featured":false,"name":"Essential Oils Candle Cherry Blossom","brand":"Air Wick","description":"AIR WICK ESSENTIAL OILS CANDLE CHERRY BLOSSOM","size":"1 pack","availability":true,"availabilityType":"InStoreAndOnline","imageUris":[{"altText":"","type":"default","uri":"/3/3413448.jpg"}],"locations":[{"aisleSide":null,"description":"Aisle information is not available for this product. Please ask a Team Member at $STORE to help you find this product.","facing":0,"aisle":null,"order":9999,"shelf":null}],"restrictions":{"retailLimit":20,"promotionalLimit":12,"liquorAgeRestrictionFlag":false,"tobaccoAgeRestrictionFlag":false},"merchandiseHeir":{"tradeProfitCentre":"GROCERY","categoryGroup":"HOME CARE","category":"AIRCARE","subCategory":"DEODORISE/AIRFRESH","className":"CONTINUOUS"},"onlineHeirs":[{"aisle":"All Airfreshners","category":"Air Fresheners \u0026 Home Fragrance","subCategory":"Household"}],"pricing":{"now":4,"was":8,"saveAmount":4,"saveStatement":"save $4.00","unit":{"quantity":1,"ofMeasureQuantity":1,"ofMeasureUnits":"ea","price":4,"ofMeasureType":"ea","isWeighted":false},"comparable":"$4.00 per 1ea","promotionType":"SPECIAL","onlineSpecial":false}},{"_type":"PRODUCT","id":1278159,"adId":null,"adSource":null,"featured":false,"name":"Sky Breeze Car Air Freshener Mini Clip","brand":"Ambi Pur","description":"AMBI PUR CAR VENT:CRISP BREEZE:.:2 ML","size":"2mL","availability":true,"availabilityType":"InStoreAndOnline","imageUris":[{"altText":"","type":"default","uri":"/1/1278159.jpg"}],"locations":[{"aisleSide":null,"description":"Aisle information is not available for this product. Please ask a Team Member at $STORE to help you find this product.","facing":0,"aisle":null,"order":9999,"shelf":null}],"restrictions":{"retailLimit":20,"promotionalLimit":12,"liquorAgeRestrictionFlag":false,"tobaccoAgeRestrictionFlag":false},"merchandiseHeir":{"tradeProfitCentre":"GROCERY","categoryGroup":"HOME CARE","category":"AIRCARE","subCategory":"DEODORISE/AIRFRESH","className":"CONTINUOUS"},"onlineHeirs":[{"aisle":"All Airfreshners","category":"Air Fresheners \u0026 Home Fragrance","subCategory":"Household"}],"pricing":{"now":4.8,"was":0,"unit":{"quantity":1,"ofMeasureQuantity":10,"ofMeasureUnits":"ml","price":24,"ofMeasureType":"ml","isWeighted":false},"comparable":"$24.00 per 10mL","promotionType":"SPECIAL","onlineSpecial":false}},{"_type":"PRODUCT","id":1278181,"adId":null,"adSource":null,"featured":false,"name":"New Zealand Springs Car Air Freshener Mini Clip","brand":"Ambi Pur","description":"AMBI PUR CAR VENT:NZ SPRINGS:.:2 ML","size":"2mL","availability":true,"availabilityType":"InStoreAndOnline","imageUris":[{"altText":"","type":"default","uri":"/1/1278181.jpg"}],"locations":[{"aisleSide":null,"description":"Aisle information is not available for this product. Please ask a Team Member at $STORE to help you find this product.","facing":0,"aisle":null,"order":9999,"shelf":null}],"restrictions":{"retailLimit":20,"promotionalLimit":12,"liquorAgeRestrictionFlag":false,"tobaccoAgeRestrictionFlag":false},"merchandiseHeir":{"tradeProfitCentre":"GROCERY","categoryGroup":"HOME CARE","category":"AIRCARE","subCategory":"DEODORISE/AIRFRESH","className":"CONTINUOUS"},"onlineHeirs":[{"aisle":"All Airfreshners","category":"Air Fresheners \u0026 Home Fragrance","subCategory":"Household"}],"pricing":{"now":4.8,"was":6,"saveAmount":1.2,"saveStatement":"save $1.20","unit":{"quantity":1,"ofMeasureQuantity":10,"ofMeasureUnits":"ml","price":24,"ofMeasureType":"ml","isWeighted":false},"comparable":"$24.00 per 10mL","promotionType":"SPECIAL","onlineSpecial":false}},{"_type":"PRODUCT","id":8161900,"adId":null,"adSource":null,"featured":false,"name":"Air Effects Lavender Vanilla \u0026 Comfort Air freshener","brand":"Ambi Pur","description":"AMBI PUR AIR EFFECT:LAVENDER VANILLA \u0026 COMFORT:.:275 GRAM","size":"275g","availability":true,"availabilityType":"InStoreAndOnline","imageUris":[{"altText":"","type":"default","uri":"/8/8161900.jpg"}],"locations":[{"aisleSide":null,"description":"Aisle information is not available for this product. Please ask a Team Member at $STORE to help you find this product.","facing":0,"aisle":null,"order":9999,"shelf":null}],"restrictions":{"retailLimit":20,"promotionalLimit":12,"liquorAgeRestrictionFlag":false,"tobaccoAgeRestrictionFlag":false},"merchandiseHeir":{"tradeProfitCentre":"GROCERY","categoryGroup":"HOME CARE","category":"AIRCARE","subCategory":"DEODORISE/AIRFRESH","className":"AEROSOL/PUMP PACK"},"onlineHeirs":[{"aisle":"All Airfreshners","category":"Air Fresheners \u0026 Home Fragrance","subCategory":"Household"}],"pricing":{"now":6,"was":0,"unit":{"quantity":1,"ofMeasureQuantity":100,"ofMeasureUnits":"g","price":2.18,"ofMeasureType":"g","isWeighted":false},"comparable":"$2.18 per 100g","onlineSpecial":false}},{"_type":"PRODUCT","id":5938205,"adId":null,"adSource":null,"featured":false,"name":"Mini Scents Frangipani Air Freshener Refill Pack","brand":"Air Wick","description":"AIR WICK MINI SCENTS AIR FRESHENER:FRANGIPANI","size":"120g","availability":true,"availabilityType":"InStoreAndOnline","imageUris":[{"altText":"","type":"default","uri":"/5/5938205.jpg"}],"locations":[{"aisleSide":null,"description":"Aisle information is not available for this product. Please ask a Team Member at $STORE to help you find this product.","facing":0,"aisle":null,"order":9999,"shelf":null}],"restrictions":{"retailLimit":20,"promotionalLimit":12,"liquorAgeRestrictionFlag":false,"tobaccoAgeRestrictionFlag":false},"merchandiseHeir":{"tradeProfitCentre":"GROCERY","categoryGroup":"HOME CARE","category":"AIRCARE","subCategory":"DEODORISE/AIRFRESH","className":"CONTINUOUS"},"onlineHeirs":[{"aisle":"All Airfreshners","category":"Air Fresheners \u0026 Home Fragrance","subCategory":"Household"}],"pricing":{"now":5,"was":0,"unit":{"quantity":1,"ofMeasureQuantity":100,"ofMeasureUnits":"g","price":4.17,"ofMeasureType":"g","isWeighted":false},"comparable":"$4.17 per 100g","promotionType":"EVERYDAY","onlineSpecial":false}},{"_type":"PRODUCT","id":4886150,"adId":null,"adSource":null,"featured":false,"name":"Solid Air Freshener Floral Whisper","brand":"Glade","description":"GLADE SOLID AIR FRESHENER FLORAL WHISPER 180G","size":"180g","availability":true,"availabilityType":"InStoreAndOnline","imageUris":[{"altText":"","type":"default","uri":"/4/4886150.jpg"}],"locations":[{"aisleSide":null,"description":"Aisle information is not available for this product. Please ask a Team Member at $STORE to help you find this product.","facing":0,"aisle":null,"order":9999,"shelf":null}],"restrictions":{"retailLimit":20,"promotionalLimit":12,"liquorAgeRestrictionFlag":false,"tobaccoAgeRestrictionFlag":false},"merchandiseHeir":{"tradeProfitCentre":"GROCERY","categoryGroup":"HOME CARE","category":"AIRCARE","subCategory":"DEODORISE/AIRFRESH","className":"CONTINUOUS"},"onlineHeirs":[{"aisle":"All Airfreshners","category":"Air Fresheners \u0026 Home Fragrance","subCategory":"Household"}],"pricing":{"now":3.75,"was":4,"saveAmount":0.25,"priceDescription":"Was $4.00 on Nov 2022","unit":{"quantity":1,"ofMeasureQuantity":100,"ofMeasureUnits":"g","price":2.08,"ofMeasureType":"g","isWeighted":false},"comparable":"$2.08 per 100g","promotionType":"DOWNDOWN","onlineSpecial":false}},{"_type":"PRODUCT","id":3314796,"adId":null,"adSource":null,"featured":false,"name":"Summer Garden Disinfectant Spray","brand":"Glen 20","description":"GLEN 20 DISINFECTANT SPRAY SUMMER GARDEN 300 GRAM","size":"300g","availability":true,"availabilityType":"InStoreAndOnline","imageUris":[{"altText":"","type":"default","uri":"/3/3314796.jpg"}],"locations":[{"aisleSide":null,"description":"Aisle information is not available for this product. Please ask a Team Member at $STORE to help you find this product.","facing":0,"aisle":null,"order":9999,"shelf":null}],"restrictions":{"retailLimit":20,"promotionalLimit":12,"liquorAgeRestrictionFlag":false,"tobaccoAgeRestrictionFlag":false},"merchandiseHeir":{"tradeProfitCentre":"GROCERY","categoryGroup":"HOME CARE","category":"CLEANING GOODS","subCategory":"DISINFECTANT","className":"AEROSOL"},"onlineHeirs":[{"aisle":"All Airfreshners","category":"Air Fresheners \u0026 Home Fragrance","subCategory":"Household"}],"pricing":{"now":7.1,"was":9.5,"saveAmount":2.4,"saveStatement":"save $2.40","unit":{"quantity":1,"ofMeasureQuantity":100,"ofMeasureUnits":"g","price":2.37,"ofMeasureType":"g","isWeighted":false},"comparable":"$2.37 per 100g","promotionType":"SPECIAL","onlineSpecial":false}},{"_type":"PRODUCT","id":3737370,"adId":null,"adSource":null,"featured":false,"name":"Pure Aerosol White Vanilla","brand":"Air Wick","description":"AIR WICK PURE AEROSOL WHITE VANILLA 159 GRAM","size":"159g","availability":true,"availabilityType":"InStoreAndOnline","imageUris":[{"altText":"","type":"default","uri":"/3/3737370.jpg"}],"locations":[{"aisleSide":null,"description":"Aisle information is not available for this product. Please ask a Team Member at $STORE to help you find this product.","facing":0,"aisle":null,"order":9999,"shelf":null}],"restrictions":{"retailLimit":20,"promotionalLimit":12,"liquorAgeRestrictionFlag":false,"tobaccoAgeRestrictionFlag":false},"merchandiseHeir":{"tradeProfitCentre":"GROCERY","categoryGroup":"HOME CARE","category":"AIRCARE","subCategory":"DEODORISE/AIRFRESH","className":"AEROSOL/PUMP PACK"},"onlineHeirs":[{"aisle":"All Airfreshners","category":"Air Fresheners \u0026 Home Fragrance","subCategory":"Household"}],"pricing":{"now":8,"was":0,"unit":{"quantity":1,"ofMeasureQuantity":100,"ofMeasureUnits":"g","price":5.03,"ofMeasureType":"g","isWeighted":false},"comparable":"$5.03 per 100g","promotionType":"SPECIAL","specialType":"MULTI_SAVE","onlineSpecial":true,"offerDescription":"Pick any 2 for $12","multiBuyPromotion":{"type":"MultibuyMultiSku","id":"727458647","minQuantity":2,"reward":6}}},{"_type":"PRODUCT","id":2348420,"adId":null,"adSource":null,"featured":false,"name":"Life Scents Turquoise Oasis Liquid Electrical Prime","brand":"Air Wick","description":"AIR WICK LIFE SCENTS LIQUID ELECTRICAL PRIME TURQUOISE OASIS 19 ML","size":"19mL","availability":true,"availabilityType":"InStoreAndOnline","imageUris":[{"altText":"","type":"default","uri":"/2/2348420.jpg"}],"locations":[{"aisleSide":null,"description":"Aisle information is not available for this product. Please ask a Team Member at $STORE to help you find this product.","facing":0,"aisle":null,"order":9999,"shelf":null}],"restrictions":{"retailLimit":20,"promotionalLimit":12,"liquorAgeRestrictionFlag":false,"tobaccoAgeRestrictionFlag":false},"merchandiseHeir":{"tradeProfitCentre":"GROCERY","categoryGroup":"HOME CARE","category":"AIRCARE","subCategory":"DEODORISE/AIRFRESH","className":"CONTINUOUS"},"onlineHeirs":[{"aisle":"All Airfreshners","category":"Air Fresheners \u0026 Home Fragrance","subCategory":"Household"}],"pricing":{"now":14,"was":0,"unit":{"quantity":1,"ofMeasureQuantity":10,"ofMeasureUnits":"ml","price":7.37,"ofMeasureType":"ml","isWeighted":false},"comparable":"$7.37 per 10mL","onlineSpecial":false}},{"_type":"PRODUCT","id":3411045,"adId":null,"adSource":null,"featured":false,"name":"Pure Spring Delight Fragance Infused With Essential Oil 19mL","brand":"Air Wick","description":"AIR WICK PURE LE PRIME SPRING DELIGHT 19ML","size":"1 pack","availability":true,"availabilityType":"InStoreAndOnline","imageUris":[{"altText":"","type":"default","uri":"/3/3411045.jpg"}],"locations":[{"aisleSide":null,"description":"Aisle information is not available for this product. Please ask a Team Member at $STORE to help you find this product.","facing":0,"aisle":null,"order":9999,"shelf":null}],"restrictions":{"retailLimit":20,"promotionalLimit":12,"liquorAgeRestrictionFlag":false,"tobaccoAgeRestrictionFlag":false},"merchandiseHeir":{"tradeProfitCentre":"GROCERY","categoryGroup":"HOME CARE","category":"AIRCARE","subCategory":"DEODORISE/AIRFRESH","className":"AEROSOL/PUMP PACK"},"onlineHeirs":[{"aisle":"All Airfreshners","category":"Air Fresheners \u0026 Home Fragrance","subCategory":"Household"}],"pricing":{"now":14,"was":0,"unit":{"quantity":1,"ofMeasureQuantity":1,"ofMeasureUnits":"ea","price":14,"ofMeasureType":"ea","isWeighted":false},"comparable":"$14.00 per 1ea","onlineSpecial":false}},{"_type":"PRODUCT","id":3448657,"adId":null,"adSource":null,"featured":false,"name":"Pure Cherry Blossom Fragrance Spray","brand":"Air Wick","description":"AIR WICK PURE FRESHMATIC PRIME CHERRY BLOSSOM 157G","size":"157mL","availability":true,"availabilityType":"InStoreAndOnline","imageUris":[{"altText":"","type":"default","uri":"/3/3448657.jpg"}],"locations":[{"aisleSide":null,"description":"Aisle information is not available for this product. Please ask a Team Member at $STORE to help you find this product.","facing":0,"aisle":null,"order":9999,"shelf":null}],"restrictions":{"retailLimit":20,"promotionalLimit":12,"liquorAgeRestrictionFlag":false,"tobaccoAgeRestrictionFlag":false},"merchandiseHeir":{"tradeProfitCentre":"GROCERY","categoryGroup":"HOME CARE","category":"AIRCARE","subCategory":"DEODORISE/AIRFRESH","className":"AEROSOL/PUMP PACK"},"onlineHeirs":[{"aisle":"All Airfreshners","category":"Air Fresheners \u0026 Home Fragrance","subCategory":"Household"}],"pricing":{"now":22,"was":0,"unit":{"quantity":1,"ofMeasureQuantity":1,"ofMeasureUnits":"ea","price":22,"ofMeasureType":"ea","isWeighted":false},"comparable":"$14.01 per 1mL","onlineSpecial":false}},{"_type":"PRODUCT","id":3721326,"adId":null,"adSource":null,"featured":false,"name":"Vanilla \u0026 Himalayan Magnolia Reed Diffuser","brand":"Botanica","description":"BOTANICA BY AIR WICK REED DIFFUSER 80ML:VANILLA \u0026 HIMALAYAN MAGNOLIA:.:80 ML","size":"80mL","availability":true,"availabilityType":"InStoreAndOnline","imageUris":[{"altText":"","type":"default","uri":"/3/3721326.jpg"}],"locations":[{"aisleSide":null,"description":"Aisle information is not available for this product. Please ask a Team Member at $STORE to help you find this product.","facing":0,"aisle":null,"order":9999,"shelf":null}],"restrictions":{"retailLimit":20,"promotionalLimit":12,"liquorAgeRestrictionFlag":false,"tobaccoAgeRestrictionFlag":false},"merchandiseHeir":{"tradeProfitCentre":"GROCERY","categoryGroup":"HOME CARE","category":"AIRCARE","subCategory":"DEODORISE/AIRFRESH","className":"CONTINUOUS"},"onlineHeirs":[{"aisle":"All Airfreshners","category":"Air Fresheners \u0026 Home Fragrance","subCategory":"Household"}],"pricing":{"now":20,"was":0,"unit":{"quantity":1,"ofMeasureQuantity":100,"ofMeasureUnits":"ml","price":25,"ofMeasureType":"ml","isWeighted":false},"comparable":"$25.00 per 100mL","promotionType":"SPECIAL","specialType":"MULTI_SAVE","onlineSpecial":true,"offerDescription":"Pick any 2 for $20","multiBuyPromotion":{"type":"MultibuyMultiSku","id":"727458646","minQuantity":2,"reward":10}}},{"_type":"PRODUCT","id":2682659,"adId":null,"adSource":null,"featured":false,"name":"Air Freshener Auto Refill Spray Vanilla Orchid \u0026 Ylang Ylang","brand":"Coles","description":"COLES AIR FRESHENER AUTO SPRAY REFILL:VANILLA ORCHID \u0026 YLANG YLANG:.:180 GRAM","size":"180g","availability":true,"availabilityType":"InStoreAndOnline","imageUris":[{"altText":"","type":"default","uri":"/2/2682659.jpg"}],"locations":[{"aisleSide":null,"description":"Aisle information is not available for this product. Please ask a Team Member at $STORE to help you find this product.","facing":0,"aisle":null,"order":9999,"shelf":null}],"restrictions":{"retailLimit":20,"promotionalLimit":12,"liquorAgeRestrictionFlag":false,"tobaccoAgeRestrictionFlag":false},"merchandiseHeir":{"tradeProfitCentre":"GROCERY","categoryGroup":"HOME CARE","category":"AIRCARE","subCategory":"DEODORISE/AIRFRESH","className":"AEROSOL/PUMP PACK"},"onlineHeirs":[{"aisle":"All Airfreshners","category":"Air Fresheners \u0026 Home Fragrance","subCategory":"Household"}],"pricing":{"now":4.3,"was":0,"unit":{"quantity":1,"ofMeasureQuantity":100,"ofMeasureUnits":"g","price":2.39,"ofMeasureType":"g","isWeighted":false},"comparable":"$2.39 per 100g","onlineSpecial":false}}],"catalogGroupView":[{"level":3,"name":"All Airfreshners","seoToken":"all-airfreshners","id":"8898634","productCount":165,"catalogGroupView":null}],"excludedCatalogGroupView":{"productCount":0}},"searchSessionId":"674123cb-fad9-417f-bfd1-9aaee86b2f2f","sortByValue":"salesDescending","isRestricted":false,"enableIndexAndFollow":false,"initialState":{"user":{"error":null,"auth":{"authenticated":false}},"modal":{"active":null,"state":{}},"notifications":{"notifications":[]},"mpgs":{"formFieldValidity":{"cardNumberValidity":"undetermined","expiryYearValidity":"undetermined","expiryMonthValidity":"undetermined","cvvValidity":"undetermined"},"initStatus":"unset","submitStatus":"unsubmitted","successData":null,"unexpectedError":false,"saveToProfile":false},"checkout":{"paymentMethod":null},"trolley":{"error":null,"itemsBeingUpdated":[],"storeId":"0909","validation":{"isValidating":false,"isValid":false,"validationErrors":null,"error":null,"restrictedItems":null},"updateQueue":[]},"drawer":{"active":[],"state":{}},"shoppingMethod":{"isEditing":false,"didStoreIdChange":false,"state":{}},"enquiryForms":{"ids":[],"entities":{}},"list":{"error":null,"patchListItemsQueue":[]},"content":{"pageCategory":"","pageSubCategory":"","displayFilter":false,"expandFilter":[],"nextLevel":false},"bffApi":{"queries":{"getProductCategories({\"storeId\":\"0909\"})":{"status":"fulfilled","endpointName":"getProductCategories","requestId":"SvscXeHVlHcwxl4XM2IzW","originalArgs":{"storeId":"0909"},"startedTimeStamp":1675680256372,"data":{"catalogGroupView":[{"level":1,"name":"Easter","originalName":"Easter","seoToken":"easter","id":"89213","productCount":141,"catalogGroupView":[{"level":2,"name":"Easter Bakery","originalName":"Easter Bakery","seoToken":"easter-bakery","id":"89711","productCount":16,"catalogGroupView":[{"level":3,"name":"Hot Cross Bun","originalName":"Hot Cross Bun","seoToken":"hot-cross-bun","id":"89414","productCount":16,"catalogGroupView":null}]},{"level":2,"name":"Easter Chocolates","originalName":"Easter Chocolates","seoToken":"easter-chocolates","id":"89412","productCount":125,"catalogGroupView":[{"level":3,"name":"Easter Boxed Chocolates","originalName":"Easter Boxed Chocolates","seoToken":"easter-boxed-chocolates","id":"8898005","productCount":11,"catalogGroupView":null},{"level":3,"name":"Easter Bunnies","originalName":"Easter Bunnies","seoToken":"easter-bunnies","id":"89415","productCount":39,"catalogGroupView":null},{"level":3,"name":"Easter Chocolate","originalName":"Easter Chocolate","seoToken":"easter-chocolate","id":"8908803","productCount":20,"catalogGroupView":null},{"level":3,"name":"Easter Eggs","originalName":"Easter Eggs","seoToken":"easter-eggs","id":"8898000","productCount":55,"catalogGroupView":null}]}],"image":"https://www.coles.com.au/content/dam/coles/shop-categories/easter.png"},{"level":1,"name":"Dropped \u0026 Locked","originalName":"Dropped \u0026 Locked","seoToken":"dropped-locked","id":"8906007","productCount":241,"catalogGroupView":[{"level":2,"name":"Beverages","originalName":"Beverages","seoToken":"beverages","id":"8906008","productCount":29,"catalogGroupView":[{"level":3,"name":"Coffee \u0026 Tea","originalName":"Coffee \u0026 tea","seoToken":"coffee-tea","id":"8906017","productCount":21,"catalogGroupView":null},{"level":3,"name":"Soft Drink \u0026 Energy Drinks","originalName":"Soft drink \u0026 energy drinks","seoToken":"soft-drink-energy-drinks","id":"8906019","productCount":8,"catalogGroupView":null}]},{"level":2,"name":"Bread \u0026 Bakery","originalName":"Bread \u0026 bakery","seoToken":"bread-bakery","id":"8906009","productCount":15,"catalogGroupView":[{"level":3,"name":"Breads, Rolls \u0026 Flatbread","originalName":"Breads, rolls \u0026 flatbread","seoToken":"breads-rolls-flatbread","id":"8906021","productCount":8,"catalogGroupView":null},{"level":3,"name":"Cakes \u0026 Snacks","originalName":"Cakes \u0026 snacks","seoToken":"cakes-snacks","id":"8906022","productCount":7,"catalogGroupView":null}]},{"level":2,"name":"Cleaning","originalName":"Cleaning","seoToken":"cleaning","id":"8906010","productCount":30,"catalogGroupView":[{"level":3,"name":"Dishwashing Needs","originalName":"Dishwashing needs","seoToken":"dishwashing-needs","id":"8906023","productCount":8,"catalogGroupView":null},{"level":3,"name":"General Cleaning","originalName":"General cleaning","seoToken":"general-cleaning","id":"8906024","productCount":20,"catalogGroupView":null},{"level":3,"name":"Laundry Needs","originalName":"Laundry needs","seoToken":"laundry-needs","id":"8906026","productCount":2,"catalogGroupView":null}]},{"level":2,"name":"Dairy, Chilled \u0026 Frozen","originalName":"Dairy, chilled \u0026 frozen","seoToken":"dairy-chilled-frozen","id":"8906011","productCount":35,"catalogGroupView":[{"level":3,"name":"Cheese \u0026 Desserts","originalName":"Cheese \u0026 desserts","seoToken":"cheese-desserts","id":"8906027","productCount":11,"catalogGroupView":null},{"level":3,"name":"Freezer","originalName":"Freezer","seoToken":"freezer","id":"8906028","productCount":16,"catalogGroupView":null},{"level":3,"name":"Milk \u0026 Eggs","originalName":"Milk \u0026 eggs","seoToken":"milk-eggs","id":"8906029","productCount":4,"catalogGroupView":null},{"level":3,"name":"Vegan \u0026 Vegetarian","originalName":"Vegan \u0026 vegetarian","seoToken":"vegan-vegetarian","id":"8906030","productCount":4,"catalogGroupView":null}]},{"level":2,"name":"Home \u0026 Pets","originalName":"Home \u0026 pets","seoToken":"home-pets","id":"8906012","productCount":15,"catalogGroupView":[{"level":3,"name":"General Needs","originalName":"General needs","seoToken":"general-needs","id":"8906800","productCount":5,"catalogGroupView":null},{"level":3,"name":"Pest Management","originalName":"Pest management","seoToken":"pest-management","id":"8906032","productCount":4,"catalogGroupView":null},{"level":3,"name":"Pet Food \u0026 Accessories","originalName":"Pet food \u0026 accessories","seoToken":"pet-food-accessories","id":"8906033","productCount":6,"catalogGroupView":null}]},{"level":2,"name":"Meat, Seafood \u0026 Deli","originalName":"Meat, seafood \u0026 deli","seoToken":"meat-seafood-deli","id":"8906013","productCount":7,"catalogGroupView":[{"level":3,"name":"Meat","originalName":"Meat","seoToken":"meat","id":"8906035","productCount":7,"catalogGroupView":null}]},{"level":2,"name":"Pantry Items","originalName":"Pantry items","seoToken":"pantry-items","id":"8906014","productCount":63,"catalogGroupView":[{"level":3,"name":"Baking \u0026 Sugar","originalName":"Baking \u0026 sugar","seoToken":"baking-sugar","id":"8906037","productCount":5,"catalogGroupView":null},{"level":3,"name":"Biscuits","originalName":"Biscuits","seoToken":"biscuits","id":"8906801","productCount":6,"catalogGroupView":null},{"level":3,"name":"Canned \u0026 Pickled Foods","originalName":"Canned \u0026 pickled foods","seoToken":"canned-pickled-foods","id":"8906038","productCount":7,"catalogGroupView":null},{"level":3,"name":"Cereals \u0026 Spreads","originalName":"Cereals \u0026 spreads","seoToken":"cereals-spreads","id":"8906039","productCount":20,"catalogGroupView":null},{"level":3,"name":"Healthier Foods","originalName":"Healthier foods","seoToken":"healthier-foods","id":"8906040","productCount":9,"catalogGroupView":null},{"level":3,"name":"Pasta \u0026 Rice","originalName":"Pasta \u0026 rice","seoToken":"pasta-rice","id":"8906041","productCount":2,"catalogGroupView":null},{"level":3,"name":"Sauces \u0026 Dressings","originalName":"Sauces \u0026 dressings","seoToken":"sauces-dressings","id":"8906042","productCount":12,"catalogGroupView":null},{"level":3,"name":"World Foods","originalName":"World foods","seoToken":"world-foods","id":"8906043","productCount":2,"catalogGroupView":null}]},{"level":2,"name":"Personal \u0026 Baby Care","originalName":"Personal \u0026 baby care","seoToken":"personal-baby-care","id":"8906015","productCount":43,"catalogGroupView":[{"level":3,"name":"Hair \u0026 Skin Care","originalName":"Hair \u0026 skin care","seoToken":"hair-skin-care","id":"8906045","productCount":24,"catalogGroupView":null},{"level":3,"name":"Medicinal Care","originalName":"Medicinal care","seoToken":"medicinal-care","id":"8906046","productCount":18,"catalogGroupView":null},{"level":3,"name":"Oral Care","originalName":"Oral care","seoToken":"oral-care","id":"8906047","productCount":1,"catalogGroupView":null}]},{"level":2,"name":"Snacking","originalName":"Snacking","seoToken":"snacking","id":"8906016","productCount":4,"catalogGroupView":[{"level":3,"name":"Biscuits \u0026 Crackers","originalName":"Biscuits \u0026 crackers","seoToken":"biscuits-crackers","id":"8906202","productCount":4,"catalogGroupView":null}]}],"image":"https://www.coles.com.au/content/dam/coles/shop-categories/dropped-locked.png"},{"level":1,"name":"Meat \u0026 Seafood","originalName":"Meat \u0026 seafood","seoToken":"meat-seafood","id":"7238","productCount":731,"catalogGroupView":[{"level":2,"name":"BBQ, Sausages \u0026 Burgers","originalName":"BBQ, sausages \u0026 burgers","seoToken":"bbq-sausages-burgers","id":"8892656","productCount":67,"catalogGroupView":[{"level":3,"name":"Burgers \u0026 Rissoles","originalName":"Burgers \u0026 rissoles","seoToken":"burgers-rissoles","id":"8892658","productCount":14,"catalogGroupView":null},{"level":3,"name":"Kebabs","originalName":"Kebabs","seoToken":"kebabs","id":"8892659","productCount":3,"catalogGroupView":null},{"level":3,"name":"Meatballs","originalName":"Meatballs","seoToken":"meatballs","id":"8892660","productCount":2,"catalogGroupView":null},{"level":3,"name":"Sausage Mince","originalName":"Sausage Mince","seoToken":"sausage-mince","id":"8892661","productCount":1,"catalogGroupView":null},{"level":3,"name":"Sausages","originalName":"Sausages","seoToken":"sausages","id":"8892662","productCount":47,"catalogGroupView":null}]},{"level":2,"name":"Beef \u0026 Veal","originalName":"Beef \u0026 veal","seoToken":"beef-veal","id":"8892621","productCount":126,"catalogGroupView":[{"level":3,"name":"Beef \u0026 Veal Mince","originalName":"Beef \u0026 Veal Mince","seoToken":"beef-veal-mince","id":"8892622","productCount":8,"catalogGroupView":null},{"level":3,"name":"Beef Bones \u0026 Offal","originalName":"Beef bones \u0026 offal","seoToken":"beef-bones-offal","id":"8892623","productCount":3,"catalogGroupView":null},{"level":3,"name":"Beef Roasts","originalName":"Beef roasts","seoToken":"beef-roasts","id":"8892624","productCount":22,"catalogGroupView":null},{"level":3,"name":"Beef Steaks","originalName":"Beef steaks","seoToken":"beef-steaks","id":"8892625","productCount":55,"catalogGroupView":null},{"level":3,"name":"Crumbed Beef","originalName":"Crumbed Beef","seoToken":"crumbed-beef","id":"8892626","productCount":2,"catalogGroupView":null},{"level":3,"name":"Graze Beef","originalName":"Graze beef","seoToken":"graze-beef","id":"8892627","productCount":9,"catalogGroupView":null},{"level":3,"name":"Meat Free Beef","originalName":"Meat free beef","seoToken":"meat-free-beef","id":"8892713","productCount":2,"catalogGroupView":null},{"level":3,"name":"Slow Cook \u0026 Casserole Beef","originalName":"Slow cook \u0026 casserole beef","seoToken":"slow-cook-casserole-beef","id":"8892629","productCount":13,"catalogGroupView":null},{"level":3,"name":"Stir Fry \u0026 Diced Beef","originalName":"Stir fry \u0026 diced beef","seoToken":"stir-fry-diced-beef","id":"8892630","productCount":10,"catalogGroupView":null},{"level":3,"name":"Veal","originalName":"Veal","seoToken":"veal","id":"8892631","productCount":2,"catalogGroupView":null}]},{"level":2,"name":"Coles Made Easy Range","originalName":"Coles Made Easy range","seoToken":"coles-made-easy-range","id":"8892679","productCount":31,"catalogGroupView":[{"level":3,"name":"Easy Meals","originalName":"Easy meals","seoToken":"easy-meals","id":"8892680","productCount":9,"catalogGroupView":null},{"level":3,"name":"Grill","originalName":"Grill","seoToken":"grill","id":"8892681","productCount":4,"catalogGroupView":null},{"level":3,"name":"Pastry","originalName":"Pastry","seoToken":"pastry","id":"8892682","productCount":3,"catalogGroupView":null},{"level":3,"name":"Slow Cook","originalName":"Slow cook","seoToken":"slow-cook","id":"8892683","productCount":15,"catalogGroupView":null}]},{"level":2,"name":"Game","originalName":"Game","seoToken":"game","id":"8892689","productCount":13,"catalogGroupView":[{"level":3,"name":"Kangaroo","originalName":"Kangaroo","seoToken":"kangaroo","id":"8892690","productCount":12,"catalogGroupView":null},{"level":3,"name":"Other Game","originalName":"Other game","seoToken":"other-game","id":"8892691","productCount":1,"catalogGroupView":null}]},{"level":2,"name":"Hams \u0026 Bacon","originalName":"Hams \u0026 bacon","seoToken":"hams-bacon","id":"8892632","productCount":13,"catalogGroupView":[{"level":3,"name":"Ham Legs","originalName":"Ham legs","seoToken":"ham-legs","id":"8892635","productCount":3,"catalogGroupView":null},{"level":3,"name":"Ham Portions","originalName":"Ham portions","seoToken":"ham-portions","id":"8892636","productCount":8,"catalogGroupView":null},{"level":3,"name":"Ham Shoulder \u0026 Steaks","originalName":"Ham shoulder \u0026 steaks","seoToken":"ham-shoulder-steaks","id":"8892637","productCount":2,"catalogGroupView":null}]},{"level":2,"name":"Kosher Meat \u0026 Seafood","originalName":"Kosher Meat \u0026 Seafood","seoToken":"kosher-meat-seafood","id":"8892701","productCount":52,"catalogGroupView":[{"level":3,"name":"Kosher BBQ","originalName":"Kosher BBQ","seoToken":"kosher-bbq","id":"8892702","productCount":18,"catalogGroupView":null},{"level":3,"name":"Kosher Beef \u0026 Veal","originalName":"Kosher beef \u0026 veal","seoToken":"kosher-beef-veal","id":"8892703","productCount":16,"catalogGroupView":null},{"level":3,"name":"Kosher Chicken","originalName":"Kosher chicken","seoToken":"kosher-chicken","id":"8892704","productCount":10,"catalogGroupView":null},{"level":3,"name":"Kosher Lamb","originalName":"Kosher lamb","seoToken":"kosher-lamb","id":"8892705","productCount":8,"catalogGroupView":null}]},{"level":2,"name":"Lamb","originalName":"Lamb","seoToken":"lamb","id":"8892638","productCount":41,"catalogGroupView":[{"level":3,"name":"Diced Lamb","originalName":"Diced lamb","seoToken":"diced-lamb","id":"8892642","productCount":2,"catalogGroupView":null},{"level":3,"name":"GRAZE Grass-Fed Lamb","originalName":"GRAZE Grass-Fed Lamb","seoToken":"graze-grass-fed-lamb","id":"8892639","productCount":6,"catalogGroupView":null},{"level":3,"name":"Lamb Chops","originalName":"Lamb chops","seoToken":"lamb-chops","id":"8892640","productCount":6,"catalogGroupView":null},{"level":3,"name":"Lamb Cutlets","originalName":"Lamb cutlets","seoToken":"lamb-cutlets","id":"8892641","productCount":3,"catalogGroupView":null},{"level":3,"name":"Lamb Offal","originalName":"Lamb offal","seoToken":"lamb-offal","id":"8892643","productCount":2,"catalogGroupView":null},{"level":3,"name":"Lamb Roasts","originalName":"Lamb roasts","seoToken":"lamb-roasts","id":"8892644","productCount":14,"catalogGroupView":null},{"level":3,"name":"Lamb Shanks","originalName":"Lamb shanks","seoToken":"lamb-shanks","id":"8892645","productCount":4,"catalogGroupView":null},{"level":3,"name":"Lamb Steak","originalName":"Lamb steak","seoToken":"lamb-steak","id":"8892646","productCount":4,"catalogGroupView":null}]},{"level":2,"name":"Meat Free Range","originalName":"Meat free range","seoToken":"meat-free-range","id":"8892692","productCount":26,"catalogGroupView":[{"level":3,"name":"All Meat Free","originalName":"All meat free","seoToken":"all-meat-free","id":"8892693","productCount":26,"catalogGroupView":null}]},{"level":2,"name":"Mince","originalName":"Mince","seoToken":"mince","id":"8892664","productCount":19,"catalogGroupView":[{"level":3,"name":"Beef \u0026 Veal Mince","originalName":"Beef \u0026 veal mince","seoToken":"beef-veal-mince","id":"8892665","productCount":8,"catalogGroupView":null},{"level":3,"name":"Chicken \u0026 Turkey Mince","originalName":"Chicken \u0026 turkey mince","seoToken":"chicken-turkey-mince","id":"8892666","productCount":4,"catalogGroupView":null},{"level":3,"name":"Kangaroo \u0026 Wallaby Mince","originalName":"Kangaroo \u0026 wallaby mince","seoToken":"kangaroo-wallaby-mince","id":"8892667","productCount":1,"catalogGroupView":null},{"level":3,"name":"Lamb Mince","originalName":"Lamb mince","seoToken":"lamb-mince","id":"8892668","productCount":2,"catalogGroupView":null},{"level":3,"name":"Pork Mince","originalName":"Pork mince","seoToken":"pork-mince","id":"8892669","productCount":3,"catalogGroupView":null},{"level":3,"name":"Sausage Mince","originalName":"Sausage mince","seoToken":"sausage-mince","id":"8892670","productCount":1,"catalogGroupView":null}]},{"level":2,"name":"Organic Meat","originalName":"Organic meat","seoToken":"organic-meat","id":"8892684","productCount":17,"catalogGroupView":[{"level":3,"name":"Organic Beef","originalName":"Organic beef","seoToken":"organic-beef","id":"8892685","productCount":7,"catalogGroupView":null},{"level":3,"name":"Organic Lamb","originalName":"Organic lamb","seoToken":"organic-lamb","id":"8892686","productCount":1,"catalogGroupView":null},{"level":3,"name":"Organic Poultry","originalName":"Organic poultry","seoToken":"organic-poultry","id":"8892687","productCount":5,"catalogGroupView":null},{"level":3,"name":"Organic Sausages \u0026 Meatballs","originalName":"Organic sausages \u0026 meatballs","seoToken":"organic-sausages-meatballs","id":"8892688","productCount":4,"catalogGroupView":null}]},{"level":2,"name":"Pork","originalName":"Pork","seoToken":"pork","id":"8892647","productCount":60,"catalogGroupView":[{"level":3,"name":"Free Range Pork","originalName":"Free range pork","seoToken":"free-range-pork","id":"8892649","productCount":12,"catalogGroupView":null},{"level":3,"name":"Pork Chops","originalName":"Pork chops","seoToken":"pork-chops","id":"8892650","productCount":4,"catalogGroupView":null},{"level":3,"name":"Pork Marinade","originalName":"Pork marinade","seoToken":"pork-marinade","id":"8892651","productCount":13,"catalogGroupView":null},{"level":3,"name":"Pork Mince","originalName":"Pork Mince","seoToken":"pork-mince","id":"8892652","productCount":3,"catalogGroupView":null},{"level":3,"name":"Pork Ribs","originalName":"Pork ribs","seoToken":"pork-ribs","id":"8892653","productCount":7,"catalogGroupView":null},{"level":3,"name":"Pork Roasts","originalName":"Pork roasts","seoToken":"pork-roasts","id":"8892654","productCount":11,"catalogGroupView":null},{"level":3,"name":"Pork Steaks","originalName":"Pork steaks","seoToken":"pork-steaks","id":"8892655","productCount":10,"catalogGroupView":null}]},{"level":2,"name":"Poultry","originalName":"Poultry","seoToken":"poultry","id":"8892602","productCount":118,"catalogGroupView":[{"level":3,"name":"Breast Fillets","originalName":"Breast fillets","seoToken":"breast-fillets","id":"8892603","productCount":14,"catalogGroupView":null},{"level":3,"name":"Chicken Offal","originalName":"Chicken offal","seoToken":"chicken-offal","id":"8892604","productCount":4,"catalogGroupView":null},{"level":3,"name":"Chicken Wings","originalName":"Chicken wings","seoToken":"chicken-wings","id":"8892606","productCount":3,"catalogGroupView":null},{"level":3,"name":"Crumbed Chicken","originalName":"Crumbed chicken","seoToken":"crumbed-chicken","id":"8892607","productCount":16,"catalogGroupView":null},{"level":3,"name":"Diced, Stir-fry \u0026 Tenders","originalName":"Diced, stir-fry \u0026 tenders","seoToken":"diced-stir-fry-tenders","id":"8892608","productCount":7,"catalogGroupView":null},{"level":3,"name":"Drumsticks \u0026 Maryland","originalName":"Drumsticks \u0026 maryland","seoToken":"drumsticks-maryland","id":"8892609","productCount":4,"catalogGroupView":null},{"level":3,"name":"Duck","originalName":"Duck","seoToken":"duck","id":"8892616","productCount":7,"catalogGroupView":null},{"level":3,"name":"Free Range Chicken","originalName":"Free range chicken","seoToken":"free-range-chicken","id":"8892611","productCount":38,"catalogGroupView":null},{"level":3,"name":"Kebabs \u0026 Bites","originalName":"Kebabs \u0026 bites","seoToken":"kebabs-bites","id":"8892612","productCount":7,"catalogGroupView":null},{"level":3,"name":"Marinated \u0026 Roast Chicken","originalName":"Marinated \u0026 roast chicken","seoToken":"marinated-roast-chicken","id":"8892804","productCount":7,"catalogGroupView":null},{"level":3,"name":"Poultry Deli","originalName":"Poultry Deli","seoToken":"poultry-deli","id":"8892620","productCount":1,"catalogGroupView":null},{"level":3,"name":"Thigh Fillets","originalName":"Thigh fillets","seoToken":"thigh-fillets","id":"8892614","productCount":3,"catalogGroupView":null},{"level":3,"name":"Turkey","originalName":"Turkey","seoToken":"turkey","id":"8892618","productCount":2,"catalogGroupView":null},{"level":3,"name":"Whole Chicken","originalName":"Whole chicken","seoToken":"whole-chicken","id":"8892615","productCount":5,"catalogGroupView":null}]},{"level":2,"name":"Seafood","originalName":"Seafood","seoToken":"seafood","id":"8892671","productCount":148,"catalogGroupView":[{"level":3,"name":"Deli Crab \u0026 Lobster","originalName":"Deli Crab \u0026 Lobster","seoToken":"deli-crab-lobster","id":"8892672","productCount":3,"catalogGroupView":null},{"level":3,"name":"Deli Fish","originalName":"Deli Fish","seoToken":"deli-fish","id":"8892673","productCount":10,"catalogGroupView":null},{"level":3,"name":"Deli Marinara Mix and Other Seafood","originalName":"Deli Marinara Mix and Other Seafood","seoToken":"deli-marinara-mix-and-other-seafood","id":"8892674","productCount":7,"catalogGroupView":null},{"level":3,"name":"Deli Oysters","originalName":"Deli Oysters","seoToken":"deli-oysters","id":"8892675","productCount":2,"catalogGroupView":null},{"level":3,"name":"Deli Prawns","originalName":"Deli Prawns","seoToken":"deli-prawns","id":"8892676","productCount":23,"catalogGroupView":null},{"level":3,"name":"Prepacked Seafood","originalName":"Prepacked seafood","seoToken":"prepacked-seafood","id":"8892677","productCount":46,"catalogGroupView":null},{"level":3,"name":"Smoked and Cured Fish","originalName":"Smoked and cured fish","seoToken":"smoked-and-cured-fish","id":"8892678","productCount":57,"catalogGroupView":null}]}],"image":"https://www.coles.com.au/content/dam/coles/shop-categories/meat-seafood.png"},{"level":1,"name":"Fruit \u0026 Vegetables","originalName":"Fruit \u0026 vegetables","seoToken":"fruit-vegetables","id":"2100","productCount":804,"catalogGroupView":[{"level":2,"name":"Fresh Flowers","originalName":"Fresh flowers","seoToken":"fresh-flowers","id":"187567","productCount":5,"catalogGroupView":[{"level":3,"name":"Flowers","originalName":"Flowers","seoToken":"flowers","id":"188821","productCount":5,"catalogGroupView":null}]},{"level":2,"name":"Fruit","originalName":"Fruit","seoToken":"fruit","id":"1302","productCount":123,"catalogGroupView":[{"level":3,"name":"Apples","originalName":"Apples","seoToken":"apples","id":"1310","productCount":10,"catalogGroupView":null},{"level":3,"name":"Avocados","originalName":"Avocados","seoToken":"avocados","id":"8891811","productCount":4,"catalogGroupView":null},{"level":3,"name":"Bananas","originalName":"Bananas","seoToken":"bananas","id":"1700","productCount":5,"catalogGroupView":null},{"level":3,"name":"Berries \u0026 Cherries","originalName":"Berries \u0026 cherries","seoToken":"berries-cherries","id":"1701","productCount":14,"catalogGroupView":null},{"level":3,"name":"Coconuts","originalName":"Coconuts","seoToken":"coconuts","id":"1720","productCount":2,"catalogGroupView":null},{"level":3,"name":"Grapefruit","originalName":"Grapefruit","seoToken":"grapefruit","id":"3107","productCount":1,"catalogGroupView":null},{"level":3,"name":"Grapes","originalName":"Grapes","seoToken":"grapes","id":"1702","productCount":7,"catalogGroupView":null},{"level":3,"name":"Kiwi Fruit","originalName":"Kiwi fruit","seoToken":"kiwi-fruit","id":"1708","productCount":2,"catalogGroupView":null},{"level":3,"name":"Lemons \u0026 Limes","originalName":"Lemons \u0026 limes","seoToken":"lemons-limes","id":"3109","productCount":6,"catalogGroupView":null},{"level":3,"name":"Mandarins","originalName":"Mandarins","seoToken":"mandarins","id":"3108","productCount":3,"catalogGroupView":null},{"level":3,"name":"Mangoes","originalName":"Mangoes","seoToken":"mangoes","id":"1706","productCount":5,"catalogGroupView":null},{"level":3,"name":"Melons","originalName":"Melons","seoToken":"melons","id":"1707","productCount":10,"catalogGroupView":null},{"level":3,"name":"Oranges","originalName":"Oranges","seoToken":"oranges","id":"1703","productCount":5,"catalogGroupView":null},{"level":3,"name":"Organic Fruit","originalName":"Organic Fruit","seoToken":"organic-fruit","id":"1309","productCount":9,"catalogGroupView":null},{"level":3,"name":"Passionfruit","originalName":"Passionfruit","seoToken":"passionfruit","id":"1705","productCount":3,"catalogGroupView":null},{"level":3,"name":"Peaches \u0026 Nectarines","originalName":"Peaches \u0026 nectarines","seoToken":"peaches-nectarines","id":"1709","productCount":9,"catalogGroupView":null},{"level":3,"name":"Pears","originalName":"Pears","seoToken":"pears","id":"1311","productCount":6,"catalogGroupView":null},{"level":3,"name":"Pineapples","originalName":"Pineapples","seoToken":"pineapples","id":"1704","productCount":3,"catalogGroupView":null},{"level":3,"name":"Plums \u0026 Apricots","originalName":"Plums \u0026 apricots","seoToken":"plums-apricots","id":"3110","productCount":7,"catalogGroupView":null},{"level":3,"name":"Tropical \u0026 Exotic Fruit","originalName":"Tropical \u0026 exotic fruit","seoToken":"tropical-exotic-fruit","id":"1721","productCount":12,"catalogGroupView":null}]},{"level":2,"name":"Nuts \u0026 Dried Fruit","originalName":"Nuts \u0026 dried fruit","seoToken":"nuts-dried-fruit","id":"1723","productCount":82,"catalogGroupView":[{"level":3,"name":"Almonds","originalName":"Almonds","seoToken":"almonds","id":"8892404","productCount":12,"catalogGroupView":null},{"level":3,"name":"Cashews","originalName":"Cashews","seoToken":"cashews","id":"8892406","productCount":12,"catalogGroupView":null},{"level":3,"name":"Dates","originalName":"Dates","seoToken":"dates","id":"8892411","productCount":4,"catalogGroupView":null},{"level":3,"name":"Dried Fruit","originalName":"Dried Fruit","seoToken":"dried-fruit","id":"8892412","productCount":6,"catalogGroupView":null},{"level":3,"name":"Dried Fruits","originalName":"Dried fruits","seoToken":"dried-fruits","id":"1314","productCount":1,"catalogGroupView":null},{"level":3,"name":"Mixed Fruit \u0026 Nuts","originalName":"Mixed fruit \u0026 nuts","seoToken":"mixed-fruit-nuts","id":"8892409","productCount":5,"catalogGroupView":null},{"level":3,"name":"Other Nuts","originalName":"Other Nuts","seoToken":"other-nuts","id":"8892410","productCount":22,"catalogGroupView":null},{"level":3,"name":"Peanuts","originalName":"Peanuts","seoToken":"peanuts","id":"8892407","productCount":3,"catalogGroupView":null},{"level":3,"name":"Pistachio","originalName":"Pistachio","seoToken":"pistachio","id":"8892408","productCount":4,"catalogGroupView":null},{"level":3,"name":"Pretzels \u0026 Party Mixes","originalName":"Pretzels \u0026 party mixes","seoToken":"pretzels-party-mixes","id":"8892413","productCount":13,"catalogGroupView":null}]},{"level":2,"name":"Organic Fruits \u0026 Vegetables","originalName":"Organic Fruits \u0026 Vegetables","seoToken":"organic-fruits-vegetables","id":"8892201","productCount":42,"catalogGroupView":[{"level":3,"name":"Organic Fruits","originalName":"Organic Fruits","seoToken":"organic-fruits","id":"8892202","productCount":8,"catalogGroupView":null},{"level":3,"name":"Organic Vegetables","originalName":"Organic Vegetables","seoToken":"organic-vegetables","id":"8892203","productCount":34,"catalogGroupView":null}]},{"level":2,"name":"Packaged Salad","originalName":"Packaged Salad","seoToken":"packaged-salad","id":"8893800","productCount":119,"catalogGroupView":[{"level":3,"name":"Deli Salad","originalName":"Deli Salad","seoToken":"deli-salad","id":"8893804","productCount":31,"catalogGroupView":null},{"level":3,"name":"Lettuce \u0026 Mixed Leaf","originalName":"Lettuce \u0026 Mixed Leaf","seoToken":"lettuce-mixed-leaf","id":"8893803","productCount":24,"catalogGroupView":null},{"level":3,"name":"Salad Bowls","originalName":"Salad bowls","seoToken":"salad-bowls","id":"8905200","productCount":11,"catalogGroupView":null},{"level":3,"name":"Salads Dressed","originalName":"Salads Dressed","seoToken":"salads-dressed","id":"8893802","productCount":18,"catalogGroupView":null},{"level":3,"name":"Sauces \u0026 Salad Dressing","originalName":"Sauces \u0026 Salad Dressing","seoToken":"sauces-salad-dressing","id":"8893805","productCount":2,"catalogGroupView":null},{"level":3,"name":"Slaws \u0026 Salad Kits","originalName":"Slaws \u0026 Salad Kits","seoToken":"slaws-salad-kits","id":"8893801","productCount":33,"catalogGroupView":null}]},{"level":2,"name":"Prepared Vegetable","originalName":"Prepared Vegetable","seoToken":"prepared-vegetable","id":"8894601","productCount":10,"catalogGroupView":[{"level":3,"name":"Ready to Steam \u0026 Roast","originalName":"Ready To Steam \u0026 Roast","seoToken":"ready-to-steam-roast","id":"8894603","productCount":3,"catalogGroupView":null},{"level":3,"name":"Trimmed \u0026 Cut Veggies","originalName":"Trimmed \u0026 Cut Veggies","seoToken":"trimmed-cut-veggies","id":"8894605","productCount":7,"catalogGroupView":null}]},{"level":2,"name":"Salad \u0026 Herbs","originalName":"Salad \u0026 herbs","seoToken":"salad-herbs","id":"1304","productCount":54,"catalogGroupView":[{"level":3,"name":"Herbs","originalName":"Herbs","seoToken":"herbs","id":"74564","productCount":50,"catalogGroupView":null},{"level":3,"name":"Sprouts","originalName":"Sprouts","seoToken":"sprouts","id":"89495","productCount":4,"catalogGroupView":null}]},{"level":2,"name":"Scoop \u0026 Weigh","originalName":"Scoop \u0026 weigh","seoToken":"scoop-weigh","id":"8892415","productCount":117,"catalogGroupView":[{"level":3,"name":"Almond","originalName":"Almond","seoToken":"almond","id":"8892416","productCount":8,"catalogGroupView":null},{"level":3,"name":"Cashew","originalName":"Cashew","seoToken":"cashew","id":"8892417","productCount":8,"catalogGroupView":null},{"level":3,"name":"Dry Fruits","originalName":"Dry fruits","seoToken":"dry-fruits","id":"8892418","productCount":15,"catalogGroupView":null},{"level":3,"name":"Macadamia, Hazelnuts \u0026 Pecans","originalName":"Macadamia, hazelnuts \u0026 pecans","seoToken":"macadamia-hazelnuts-pecans","id":"8892419","productCount":2,"catalogGroupView":null},{"level":3,"name":"Mixed Scoop \u0026 Weigh","originalName":"Mixed scoop \u0026 weigh","seoToken":"mixed-scoop-weigh","id":"8892420","productCount":69,"catalogGroupView":null},{"level":3,"name":"Other Scoop \u0026 Weigh","originalName":"Other scoop \u0026 weigh","seoToken":"other-scoop-weigh","id":"8892422","productCount":11,"catalogGroupView":null},{"level":3,"name":"Walnuts, Pistachio \u0026 Peanut","originalName":"Walnuts, Pistachio \u0026 Peanut","seoToken":"walnuts-pistachio-peanut","id":"8892421","productCount":4,"catalogGroupView":null}]},{"level":2,"name":"Vegetables","originalName":"Vegetables","seoToken":"vegetables","id":"1303","productCount":252,"catalogGroupView":[{"level":3,"name":"Asparagus, Fennel \u0026 Artichokes","originalName":"Asparagus, fennel \u0026 artichokes","seoToken":"asparagus-fennel-artichokes","id":"789146","productCount":3,"catalogGroupView":null},{"level":3,"name":"Beetroot","originalName":"Beetroot","seoToken":"beetroot","id":"879456","productCount":5,"catalogGroupView":null},{"level":3,"name":"Bok Choy \u0026 Asian Greens","originalName":"Bok choy \u0026 Asian greens","seoToken":"bok-choy-asian-greens","id":"897984","productCount":7,"catalogGroupView":null},{"level":3,"name":"Broccoli \u0026 Cauliflower","originalName":"Broccoli \u0026 cauliflower","seoToken":"broccoli-cauliflower","id":"549876","productCount":7,"catalogGroupView":null},{"level":3,"name":"Cabbage, Kale \u0026 Brussel Sprouts","originalName":"Cabbage, kale \u0026 brussel sprouts","seoToken":"cabbage-kale-brussel-sprouts","id":"789464","productCount":13,"catalogGroupView":null},{"level":3,"name":"Capsicum \u0026 Chillies","originalName":"Capsicum \u0026 chillies","seoToken":"capsicum-chillies","id":"478946","productCount":24,"catalogGroupView":null},{"level":3,"name":"Carrots \u0026 Parsnips","originalName":"Carrots \u0026 parsnips","seoToken":"carrots-parsnips","id":"541654","productCount":9,"catalogGroupView":null},{"level":3,"name":"Celery","originalName":"Celery","seoToken":"celery","id":"7594946","productCount":5,"catalogGroupView":null},{"level":3,"name":"Corn","originalName":"Corn","seoToken":"corn","id":"35546754","productCount":5,"catalogGroupView":null},{"level":3,"name":"Cucumber","originalName":"Cucumber","seoToken":"cucumber","id":"564657","productCount":6,"catalogGroupView":null},{"level":3,"name":"Eggplant","originalName":"Eggplant","seoToken":"eggplant","id":"57916","productCount":4,"catalogGroupView":null},{"level":3,"name":"Garlic \u0026 Ginger","originalName":"Garlic \u0026 ginger","seoToken":"garlic-ginger","id":"579846","productCount":7,"catalogGroupView":null},{"level":3,"name":"Lettuce","originalName":"Lettuce","seoToken":"lettuce","id":"1313","productCount":11,"catalogGroupView":null},{"level":3,"name":"Mashed \u0026 Cut Vegetables","originalName":"Mashed \u0026 cut vegetables","seoToken":"mashed-cut-vegetables","id":"881346","productCount":6,"catalogGroupView":null},{"level":3,"name":"Mushrooms","originalName":"Mushrooms","seoToken":"mushrooms","id":"545641","productCount":24,"catalogGroupView":null},{"level":3,"name":"Onion \u0026 Leeks","originalName":"Onion \u0026 leeks","seoToken":"onion-leeks","id":"646512","productCount":12,"catalogGroupView":null},{"level":3,"name":"Organic Vegetables","originalName":"Organic vegetables","seoToken":"organic-vegetables","id":"879564","productCount":32,"catalogGroupView":null},{"level":3,"name":"Peas, Beans \u0026 Okra","originalName":"Peas, beans \u0026 okra","seoToken":"peas-beans-okra","id":"637948","productCount":9,"catalogGroupView":null},{"level":3,"name":"Potatoes","originalName":"Potatoes","seoToken":"potatoes","id":"545475","productCount":25,"catalogGroupView":null},{"level":3,"name":"Pumpkin","originalName":"Pumpkin","seoToken":"pumpkin","id":"454676","productCount":6,"catalogGroupView":null},{"level":3,"name":"Rhubarbs","originalName":"Rhubarbs","seoToken":"rhubarbs","id":"8892200","productCount":1,"catalogGroupView":null},{"level":3,"name":"Spinach \u0026 Silverbeet","originalName":"Spinach \u0026 silverbeet","seoToken":"spinach-silverbeet","id":"4897465","productCount":2,"catalogGroupView":null},{"level":3,"name":"Tomatoes","originalName":"Tomatoes","seoToken":"tomatoes","id":"465794","productCount":20,"catalogGroupView":null},{"level":3,"name":"Turnips \u0026 Root Vegetables","originalName":"Turnips \u0026 root vegetables","seoToken":"turnips-root-vegetables","id":"576791","productCount":5,"catalogGroupView":null},{"level":3,"name":"Zucchini \u0026 Squash","originalName":"Zucchini \u0026 squash","seoToken":"zucchini-squash","id":"215676","productCount":4,"catalogGroupView":null}]}],"image":"https://www.coles.com.au/content/dam/coles/shop-categories/fruit-vegetables.png"},{"level":1,"name":"Dairy, Eggs \u0026 Fridge","originalName":"Dairy, eggs \u0026 fridge","seoToken":"dairy-eggs-fridge","id":"1300","productCount":2273,"catalogGroupView":[{"level":2,"name":"Cheese","originalName":"Cheese","seoToken":"cheese","id":"8882200","productCount":469,"catalogGroupView":[{"level":3,"name":"Block Cheese","originalName":"Block cheese","seoToken":"block-cheese","id":"8882201","productCount":53,"catalogGroupView":null},{"level":3,"name":"Blue Cheese","originalName":"Blue cheese","seoToken":"blue-cheese","id":"8882202","productCount":10,"catalogGroupView":null},{"level":3,"name":"Brie \u0026 Soft Cheese","originalName":"Brie \u0026 soft cheese","seoToken":"brie-soft-cheese","id":"8882203","productCount":73,"catalogGroupView":null},{"level":3,"name":"Cheddar \u0026 Tasty Cheese","originalName":"Cheddar \u0026 tasty cheese","seoToken":"cheddar-tasty-cheese","id":"8882204","productCount":49,"catalogGroupView":null},{"level":3,"name":"Cheese Snacks","originalName":"Cheese snacks","seoToken":"cheese-snacks","id":"8882205","productCount":68,"catalogGroupView":null},{"level":3,"name":"Cream Cheese \u0026 Spreads","originalName":"Cream cheese \u0026 spreads","seoToken":"cream-cheese-spreads","id":"8882206","productCount":19,"catalogGroupView":null},{"level":3,"name":"Feta Cheese","originalName":"Feta cheese","seoToken":"feta-cheese","id":"8882207","productCount":37,"catalogGroupView":null},{"level":3,"name":"Firm Cheese","originalName":"Firm cheese","seoToken":"firm-cheese","id":"8882208","productCount":14,"catalogGroupView":null},{"level":3,"name":"Grated Cheese","originalName":"Grated cheese","seoToken":"grated-cheese","id":"8882210","productCount":46,"catalogGroupView":null},{"level":3,"name":"Haloumi \u0026 Bocconcini","originalName":"Haloumi \u0026 bocconcini","seoToken":"haloumi-bocconcini","id":"8882211","productCount":20,"catalogGroupView":null},{"level":3,"name":"Pates \u0026 Platters","originalName":"Pates \u0026 platters","seoToken":"pates-platters","id":"8882212","productCount":5,"catalogGroupView":null},{"level":3,"name":"Sliced Cheese","originalName":"Sliced cheese","seoToken":"sliced-cheese","id":"8882213","productCount":55,"catalogGroupView":null},{"level":3,"name":"Specialty \u0026 Entertaining Cheese","originalName":"Specialty \u0026 entertaining cheese","seoToken":"specialty-entertaining-cheese","id":"8882209","productCount":20,"catalogGroupView":null}]},{"level":2,"name":"Dairy","originalName":"Dairy","seoToken":"dairy","id":"79546","productCount":790,"catalogGroupView":[{"level":3,"name":"Butter \u0026 Margarine","originalName":"Butter \u0026 margarine","seoToken":"butter-margarine","id":"554644","productCount":75,"catalogGroupView":null},{"level":3,"name":"Cream","originalName":"Cream","seoToken":"cream","id":"785475","productCount":34,"catalogGroupView":null},{"level":3,"name":"Custard","originalName":"Custard","seoToken":"custard","id":"4376464","productCount":19,"catalogGroupView":null},{"level":3,"name":"Dairy Desserts","originalName":"Dairy Desserts","seoToken":"dairy-desserts","id":"477444","productCount":46,"catalogGroupView":null},{"level":3,"name":"Dips \u0026 Pate","originalName":"Dips \u0026 Pate","seoToken":"dips-pate","id":"456555","productCount":132,"catalogGroupView":null},{"level":3,"name":"Gourmet Cheese","originalName":"Gourmet Cheese","seoToken":"gourmet-cheese","id":"977977","productCount":183,"catalogGroupView":null},{"level":3,"name":"Yoghurt","originalName":"Yoghurt","seoToken":"yoghurt","id":"7554664","productCount":301,"catalogGroupView":null}]},{"level":2,"name":"Eggs","originalName":"Eggs","seoToken":"eggs","id":"246656","productCount":32,"catalogGroupView":[{"level":3,"name":"Barn Eggs","originalName":"Barn eggs","seoToken":"barn-eggs","id":"8882000","productCount":6,"catalogGroupView":null},{"level":3,"name":"Cage Eggs","originalName":"Cage eggs","seoToken":"cage-eggs","id":"8882001","productCount":2,"catalogGroupView":null},{"level":3,"name":"Free Range Eggs","originalName":"Free range eggs","seoToken":"free-range-eggs","id":"8882002","productCount":20,"catalogGroupView":null},{"level":3,"name":"Specialty Eggs","originalName":"Specialty Eggs","seoToken":"specialty-eggs","id":"8882003","productCount":4,"catalogGroupView":null}]},{"level":2,"name":"Fresh Pasta \u0026 Sauces","originalName":"Fresh pasta \u0026 sauces","seoToken":"fresh-pasta-sauces","id":"777844","productCount":73,"catalogGroupView":[{"level":3,"name":"Fresh Pasta \u0026 Noodles","originalName":"Fresh pasta \u0026 noodles","seoToken":"fresh-pasta-noodles","id":"421112","productCount":61,"catalogGroupView":null},{"level":3,"name":"Pasta Sauces","originalName":"Pasta sauces","seoToken":"pasta-sauces","id":"621674","productCount":12,"catalogGroupView":null}]},{"level":2,"name":"Garlic Bread \u0026 Pastry Sheets","originalName":"Garlic Bread \u0026 Pastry Sheets","seoToken":"garlic-bread-pastry-sheets","id":"756654","productCount":20,"catalogGroupView":[{"level":3,"name":"Chilled Garlic \u0026 Specialty Breads","originalName":"Chilled Garlic \u0026 Specialty Breads","seoToken":"chilled-garlic-specialty-breads","id":"2156111","productCount":14,"catalogGroupView":null},{"level":3,"name":"Chilled Pastry \u0026 Dough","originalName":"Chilled Pastry \u0026 Dough","seoToken":"chilled-pastry-dough","id":"3213222","productCount":6,"catalogGroupView":null}]},{"level":2,"name":"Long Life-Milk","originalName":"Long Life-Milk","seoToken":"long-life-milk","id":"8895200","productCount":148,"catalogGroupView":[{"level":3,"name":"Almond Long Life Milk","originalName":"Almond Long Life Milk","seoToken":"almond-long-life-milk","id":"8895203","productCount":36,"catalogGroupView":null},{"level":3,"name":"Lactose Free-Milk","originalName":"Lactose Free-Milk","seoToken":"lactose-free-milk","id":"8895208","productCount":7,"catalogGroupView":null},{"level":3,"name":"Long-Life Flavoured Milk","originalName":"Long-Life Flavoured Milk","seoToken":"long-life-flavoured-milk","id":"8895202","productCount":27,"catalogGroupView":null},{"level":3,"name":"Long-Life-Milk","originalName":"Long-Life-Milk","seoToken":"long-life-milk","id":"8895201","productCount":16,"catalogGroupView":null},{"level":3,"name":"Oats \u0026 Rice Long Life Milk","originalName":"Oats \u0026 Rice Long Life Milk","seoToken":"oats-rice-long-life-milk","id":"8895207","productCount":41,"catalogGroupView":null},{"level":3,"name":"Organic Long Life Milk","originalName":"Organic Long Life Milk","seoToken":"organic-long-life-milk","id":"8895204","productCount":9,"catalogGroupView":null},{"level":3,"name":"Powdered Long Life Milk","originalName":"Powdered Long Life Milk","seoToken":"powdered-long-life-milk","id":"8895206","productCount":4,"catalogGroupView":null},{"level":3,"name":"Soy Milk Long Life Milk","originalName":"Soy Milk Long Life Milk","seoToken":"soy-milk-long-life-milk","id":"8895205","productCount":8,"catalogGroupView":null}]},{"level":2,"name":"Milk","originalName":"Milk","seoToken":"milk","id":"8881800","productCount":189,"catalogGroupView":[{"level":3,"name":"Full Cream Milk","originalName":"Full cream milk","seoToken":"full-cream-milk","id":"8881801","productCount":22,"catalogGroupView":null},{"level":3,"name":"Milk Flavoured","originalName":"Milk flavoured","seoToken":"milk-flavoured","id":"8881804","productCount":86,"catalogGroupView":null},{"level":3,"name":"Probiotic Milk","originalName":"Probiotic milk","seoToken":"probiotic-milk","id":"8881808","productCount":12,"catalogGroupView":null},{"level":3,"name":"Skim \u0026 Low Fat Milk","originalName":"Skim \u0026 low fat milk","seoToken":"skim-low-fat-milk","id":"8881802","productCount":18,"catalogGroupView":null},{"level":3,"name":"Soy \u0026 Almond Milk","originalName":"Soy \u0026 almond milk","seoToken":"soy-almond-milk","id":"8881807","productCount":15,"catalogGroupView":null},{"level":3,"name":"Specialty Milk","originalName":"Specialty milk","seoToken":"specialty-milk","id":"8881805","productCount":36,"catalogGroupView":null}]},{"level":2,"name":"Packaged Deli Meats","originalName":"Packaged Deli Meats","seoToken":"packaged-deli-meats","id":"79555","productCount":167,"catalogGroupView":[{"level":3,"name":"Packaged Bacon","originalName":"Packaged Bacon","seoToken":"packaged-bacon","id":"795553","productCount":30,"catalogGroupView":null},{"level":3,"name":"Packaged Deli Meat","originalName":"Packaged Deli Meat","seoToken":"packaged-deli-meat","id":"795551","productCount":91,"catalogGroupView":null},{"level":3,"name":"Packaged Frankfurts","originalName":"Packaged Frankfurts","seoToken":"packaged-frankfurts","id":"795552","productCount":8,"catalogGroupView":null},{"level":3,"name":"Packaged Salami \u0026 Kabana","originalName":"Packaged Salami \u0026 Kabana","seoToken":"packaged-salami-kabana","id":"795554","productCount":38,"catalogGroupView":null}]},{"level":2,"name":"Ready to Eat Meals","originalName":"Ready to eat meals","seoToken":"ready-to-eat-meals","id":"477564","productCount":323,"catalogGroupView":[{"level":3,"name":"BBQ","originalName":"BBQ","seoToken":"bbq","id":"124522","productCount":1,"catalogGroupView":null},{"level":3,"name":"Grab \u0026 Go Snacks","originalName":"Grab \u0026 go snacks","seoToken":"grab-go-snacks","id":"8904816","productCount":28,"catalogGroupView":null},{"level":3,"name":"Hot Snacks \u0026 Sides","originalName":"Hot snacks \u0026 sides","seoToken":"hot-snacks-sides","id":"124351","productCount":13,"catalogGroupView":null},{"level":3,"name":"Indian Food \u0026 Meals","originalName":"Indian food \u0026 meals","seoToken":"indian-food-meals","id":"679997","productCount":16,"catalogGroupView":null},{"level":3,"name":"Italian Meals \u0026 Pasta","originalName":"Italian meals \u0026 pasta","seoToken":"italian-meals-pasta","id":"15213","productCount":105,"catalogGroupView":null},{"level":3,"name":"Other Ready Meals","originalName":"Other ready meals","seoToken":"other-ready-meals","id":"124555","productCount":51,"catalogGroupView":null},{"level":3,"name":"Pies \u0026 Pastries","originalName":"Pies \u0026 pastries","seoToken":"pies-pastries","id":"15214","productCount":27,"catalogGroupView":null},{"level":3,"name":"Pizzas","originalName":"Pizzas","seoToken":"pizzas","id":"546777","productCount":21,"catalogGroupView":null},{"level":3,"name":"Sandwiches","originalName":"Sandwiches","seoToken":"sandwiches","id":"12517","productCount":18,"catalogGroupView":null},{"level":3,"name":"Soups \u0026 Stews","originalName":"Soups \u0026 stews","seoToken":"soups-stews","id":"654654","productCount":30,"catalogGroupView":null},{"level":3,"name":"Thai Meals","originalName":"Thai meals","seoToken":"thai-meals","id":"12443","productCount":13,"catalogGroupView":null}]},{"level":2,"name":"Vegetarian \u0026 Vegan","originalName":"Vegetarian \u0026 vegan","seoToken":"vegetarian-vegan","id":"4778877","productCount":62,"catalogGroupView":[{"level":3,"name":"Falafels","originalName":"Falafels","seoToken":"falafels","id":"654223","productCount":7,"catalogGroupView":null},{"level":3,"name":"Soy","originalName":"Soy","seoToken":"soy","id":"4454454","productCount":3,"catalogGroupView":null},{"level":3,"name":"Tofu","originalName":"Tofu","seoToken":"tofu","id":"6774666","productCount":15,"catalogGroupView":null},{"level":3,"name":"Vegetarian Snacking","originalName":"Vegetarian snacking","seoToken":"vegetarian-snacking","id":"8894401","productCount":3,"catalogGroupView":null},{"level":3,"name":"Vegie Bacon \u0026 Mince","originalName":"Vegie bacon \u0026 mince","seoToken":"vegie-bacon-mince","id":"664456","productCount":1,"catalogGroupView":null},{"level":3,"name":"Vegie Burgers \u0026 Sausages","originalName":"Vegie burgers \u0026 sausages","seoToken":"vegie-burgers-sausages","id":"878734","productCount":33,"catalogGroupView":null}]}],"image":"https://www.coles.com.au/content/dam/coles/shop-categories/dairy-eggs-fridge.png"},{"level":1,"name":"Bakery","originalName":"Bakery","seoToken":"bakery","id":"8892906","productCount":834,"catalogGroupView":[{"level":2,"name":"Chilled Cakes \u0026 Desserts","originalName":"Chilled Cakes \u0026 Desserts","seoToken":"chilled-cakes-desserts","id":"8892915","productCount":79,"catalogGroupView":[{"level":3,"name":"2 Pack \u0026 Individual Serve Desserts","originalName":"2 Pack \u0026 Individual Serve Desserts","seoToken":"2-pack-individual-serve-desserts","id":"8892978","productCount":10,"catalogGroupView":null},{"level":3,"name":"Birthday \u0026 Celebration Cakes","originalName":"Birthday \u0026 Celebration Cakes","seoToken":"birthday-celebration-cakes","id":"8892980","productCount":23,"catalogGroupView":null},{"level":3,"name":"Cake Decorations","originalName":"Cake Decorations","seoToken":"cake-decorations","id":"8892981","productCount":17,"catalogGroupView":null},{"level":3,"name":"Cheesecakes","originalName":"Cheesecakes","seoToken":"cheesecakes","id":"8892977","productCount":6,"catalogGroupView":null},{"level":3,"name":"Cream Cakes","originalName":"Cream Cakes","seoToken":"cream-cakes","id":"8892979","productCount":10,"catalogGroupView":null},{"level":3,"name":"Pavlova \u0026 Meringue","originalName":"Pavlova \u0026 Meringue","seoToken":"pavlova-meringue","id":"8892982","productCount":4,"catalogGroupView":null},{"level":3,"name":"Tarts \u0026 Pies","originalName":"Tarts \u0026 Pies","seoToken":"tarts-pies","id":"8892983","productCount":9,"catalogGroupView":null}]},{"level":2,"name":"Gluten Free Range","originalName":"Gluten Free Range","seoToken":"gluten-free-range","id":"8892918","productCount":37,"catalogGroupView":[{"level":3,"name":"All Packaged Bread","originalName":"All Packaged Bread","seoToken":"all-packaged-bread","id":"8893002","productCount":14,"catalogGroupView":null},{"level":3,"name":"Packaged Breakfast Snack","originalName":"Packaged Breakfast Snack","seoToken":"packaged-breakfast-snack","id":"8893000","productCount":1,"catalogGroupView":null},{"level":3,"name":"Packaged Buns \u0026 Bread Rolls","originalName":"Packaged Buns \u0026 Bread Rolls","seoToken":"packaged-buns-bread-rolls","id":"8893402","productCount":7,"catalogGroupView":null},{"level":3,"name":"Packaged Cake \u0026 Sweet Treats","originalName":"Packaged Cake \u0026 Sweet Treats","seoToken":"packaged-cake-sweet-treats","id":"8892998","productCount":10,"catalogGroupView":null},{"level":3,"name":"Packaged Wraps, Flat Bread and Pizza Bases","originalName":"Packaged Wraps,  Flat Bread and Pizza Bases","seoToken":"packaged-wraps-flat-bread-and-pizza-bases","id":"8893001","productCount":5,"catalogGroupView":null}]},{"level":2,"name":"Hot Cross Buns","originalName":"Hot Cross Buns","seoToken":"hot-cross-buns","id":"8897010","productCount":19,"catalogGroupView":[{"level":3,"name":"All Hot Cross Buns","originalName":"All Hot Cross Buns","seoToken":"all-hot-cross-buns","id":"8897011","productCount":19,"catalogGroupView":null}]},{"level":2,"name":"Instore Bakery Breads and Rolls","originalName":"Instore Bakery Breads and Rolls","seoToken":"instore-bakery-breads-and-rolls","id":"8892907","productCount":111,"catalogGroupView":[{"level":3,"name":"Artisan Style Breads By Laurent","originalName":"Artisan Style Breads by Laurent","seoToken":"artisan-style-breads-by-laurent","id":"8893200","productCount":26,"catalogGroupView":null},{"level":3,"name":"Baguettes","originalName":"Baguettes","seoToken":"baguettes","id":"8892923","productCount":9,"catalogGroupView":null},{"level":3,"name":"Bread Loaves","originalName":"Bread Loaves","seoToken":"bread-loaves","id":"8893201","productCount":23,"catalogGroupView":null},{"level":3,"name":"Bread Rolls","originalName":"Bread Rolls","seoToken":"bread-rolls","id":"8893203","productCount":34,"catalogGroupView":null},{"level":3,"name":"Flat Bread","originalName":"Flat Bread","seoToken":"flat-bread","id":"8892924","productCount":3,"catalogGroupView":null},{"level":3,"name":"Healthier Breads","originalName":"Healthier Breads","seoToken":"healthier-breads","id":"8893202","productCount":16,"catalogGroupView":null}]},{"level":2,"name":"Instore Bakery Savoury Treats","originalName":"Instore Bakery Savoury Treats","seoToken":"instore-bakery-savoury-treats","id":"8892908","productCount":23,"catalogGroupView":[{"level":3,"name":"Cheese Rolls, Tear \u0026 Share \u0026 Pizza Rolls","originalName":"Cheese Rolls, Tear \u0026 Share \u0026 Pizza Rolls","seoToken":"cheese-rolls-tear-share-pizza-rolls","id":"8893204","productCount":23,"catalogGroupView":null}]},{"level":2,"name":"Instore Bakery Sweet Treats","originalName":"Instore Bakery Sweet Treats","seoToken":"instore-bakery-sweet-treats","id":"8892913","productCount":60,"catalogGroupView":[{"level":3,"name":"Cookies","originalName":"Cookies","seoToken":"cookies","id":"8892963","productCount":20,"catalogGroupView":null},{"level":3,"name":"Donuts","originalName":"Donuts","seoToken":"donuts","id":"8892964","productCount":11,"catalogGroupView":null},{"level":3,"name":"Iced Buns \u0026 Pullaparts","originalName":"Iced Buns \u0026 Pullaparts","seoToken":"iced-buns-pullaparts","id":"8892961","productCount":12,"catalogGroupView":null},{"level":3,"name":"Pastries \u0026 Danishes","originalName":"Pastries \u0026 Danishes","seoToken":"pastries-danishes","id":"8892966","productCount":13,"catalogGroupView":null},{"level":3,"name":"Scones","originalName":"Scones","seoToken":"scones","id":"8892962","productCount":4,"catalogGroupView":null}]},{"level":2,"name":"Packaged Bread Rolls and Buns","originalName":"Packaged Bread Rolls and Buns","seoToken":"packaged-bread-rolls-and-buns","id":"8892910","productCount":46,"catalogGroupView":[{"level":3,"name":"Brioche","originalName":"Brioche","seoToken":"brioche","id":"8892936","productCount":16,"catalogGroupView":null},{"level":3,"name":"Burger Buns and Hot Dog Rolls","originalName":"Burger Buns and Hot Dog Rolls","seoToken":"burger-buns-and-hot-dog-rolls","id":"8892935","productCount":19,"catalogGroupView":null},{"level":3,"name":"Gluten Free Rolls \u0026 Buns","originalName":"Gluten Free Rolls \u0026 Buns","seoToken":"gluten-free-rolls-buns","id":"8892941","productCount":7,"catalogGroupView":null},{"level":3,"name":"Thins","originalName":"Thins","seoToken":"thins","id":"8892937","productCount":4,"catalogGroupView":null}]},{"level":2,"name":"Packaged Breads","originalName":"Packaged Breads","seoToken":"packaged-breads","id":"8892909","productCount":118,"catalogGroupView":[{"level":3,"name":"Digestive Health \u0026 Speciality Bread","originalName":"Digestive Health \u0026 Speciality Bread","seoToken":"digestive-health-speciality-bread","id":"8892933","productCount":48,"catalogGroupView":null},{"level":3,"name":"Gluten Free Packaged Bread","originalName":"Gluten Free Packaged Bread","seoToken":"gluten-free-packaged-bread","id":"8892934","productCount":15,"catalogGroupView":null},{"level":3,"name":"Multigrain \u0026 Seeded Bread","originalName":"Multigrain \u0026 Seeded Bread","seoToken":"multigrain-seeded-bread","id":"8892932","productCount":20,"catalogGroupView":null},{"level":3,"name":"Rye Bread","originalName":"Rye Bread","seoToken":"rye-bread","id":"8892931","productCount":4,"catalogGroupView":null},{"level":3,"name":"White Bread","originalName":"White Bread","seoToken":"white-bread","id":"8892929","productCount":18,"catalogGroupView":null},{"level":3,"name":"Wholemeal Bread","originalName":"Wholemeal Bread","seoToken":"wholemeal-bread","id":"8892930","productCount":13,"catalogGroupView":null}]},{"level":2,"name":"Packaged Breakfast Snacks","originalName":"Packaged Breakfast Snacks","seoToken":"packaged-breakfast-snacks","id":"8892914","productCount":63,"catalogGroupView":[{"level":3,"name":"Bagels","originalName":"Bagels","seoToken":"bagels","id":"8892971","productCount":9,"catalogGroupView":null},{"level":3,"name":"Croissants \u0026 Pastries","originalName":"Croissants \u0026 Pastries","seoToken":"croissants-pastries","id":"8892974","productCount":7,"catalogGroupView":null},{"level":3,"name":"Crumpet","originalName":"Crumpet","seoToken":"crumpet","id":"8892968","productCount":6,"catalogGroupView":null},{"level":3,"name":"English Muffins","originalName":"English Muffins","seoToken":"english-muffins","id":"8892970","productCount":8,"catalogGroupView":null},{"level":3,"name":"Fruit Bread","originalName":"Fruit Bread","seoToken":"fruit-bread","id":"8892969","productCount":8,"catalogGroupView":null},{"level":3,"name":"Gluten Free Packaged Snacks","originalName":"Gluten Free Packaged Snacks","seoToken":"gluten-free-packaged-snacks","id":"8892976","productCount":2,"catalogGroupView":null},{"level":3,"name":"Kosher Snacks","originalName":"Kosher Snacks","seoToken":"kosher-snacks","id":"8892975","productCount":14,"catalogGroupView":null},{"level":3,"name":"Pikelets, Pancakes and Crepes","originalName":"Pikelets, Pancakes and Crepes","seoToken":"pikelets-pancakes-and-crepes","id":"8892973","productCount":4,"catalogGroupView":null},{"level":3,"name":"Waffles","originalName":"Waffles","seoToken":"waffles","id":"8892972","productCount":5,"catalogGroupView":null}]},{"level":2,"name":"Packaged Cakes \u0026 Sweet Treats","originalName":"Packaged Cakes \u0026 Sweet Treats","seoToken":"packaged-cakes-sweet-treats","id":"8892916","productCount":113,"catalogGroupView":[{"level":3,"name":"Cookies \u0026 Biscuits","originalName":"Cookies \u0026 Biscuits","seoToken":"cookies-biscuits","id":"8893207","productCount":1,"catalogGroupView":null},{"level":3,"name":"Cupcakes","originalName":"Cupcakes","seoToken":"cupcakes","id":"8892992","productCount":12,"catalogGroupView":null},{"level":3,"name":"Fruit Cakes","originalName":"Fruit Cakes","seoToken":"fruit-cakes","id":"8893004","productCount":3,"catalogGroupView":null},{"level":3,"name":"Gluten Free Cakes \u0026 Treats","originalName":"Gluten Free Cakes \u0026 Treats","seoToken":"gluten-free-cakes-treats","id":"8892997","productCount":10,"catalogGroupView":null},{"level":3,"name":"Lamingtons","originalName":"Lamingtons","seoToken":"lamingtons","id":"8892991","productCount":2,"catalogGroupView":null},{"level":3,"name":"Loaf Cakes","originalName":"Loaf Cakes","seoToken":"loaf-cakes","id":"8892988","productCount":11,"catalogGroupView":null},{"level":3,"name":"Meringues \u0026 Pavlovas","originalName":"Meringues \u0026 Pavlovas","seoToken":"meringues-pavlovas","id":"8892995","productCount":3,"catalogGroupView":null},{"level":3,"name":"Muffins \u0026 Muffin Bars","originalName":"Muffins \u0026 Muffin Bars","seoToken":"muffins-muffin-bars","id":"8892989","productCount":14,"catalogGroupView":null},{"level":3,"name":"Pastry Shells","originalName":"Pastry Shells","seoToken":"pastry-shells","id":"8892996","productCount":3,"catalogGroupView":null},{"level":3,"name":"Slices \u0026 Bites","originalName":"Slices \u0026 Bites","seoToken":"slices-bites","id":"8892994","productCount":25,"catalogGroupView":null},{"level":3,"name":"Sponge \u0026 Mud Cakes","originalName":"Sponge \u0026 Mud Cakes","seoToken":"sponge-mud-cakes","id":"8892986","productCount":8,"catalogGroupView":null},{"level":3,"name":"Sponge Rolls \u0026 Cake Bars","originalName":"Sponge Rolls \u0026 Cake Bars","seoToken":"sponge-rolls-cake-bars","id":"8892990","productCount":3,"catalogGroupView":null},{"level":3,"name":"Sweet Brioche","originalName":"Sweet Brioche","seoToken":"sweet-brioche","id":"8892993","productCount":13,"catalogGroupView":null},{"level":3,"name":"Tea Cakes","originalName":"Tea Cakes","seoToken":"tea-cakes","id":"8892987","productCount":5,"catalogGroupView":null}]},{"level":2,"name":"Packaged Flat Bread, Wraps and Pizza Bases","originalName":"Packaged Flat bread, Wraps And Pizza Bases","seoToken":"packaged-flat-bread-wraps-and-pizza-bases","id":"8892911","productCount":80,"catalogGroupView":[{"level":3,"name":"Flavoured Wraps","originalName":"Flavoured Wraps","seoToken":"flavoured-wraps","id":"8892945","productCount":4,"catalogGroupView":null},{"level":3,"name":"Gluten Free Wraps \u0026 Flat Bread","originalName":"Gluten Free Wraps \u0026 Flat Bread","seoToken":"gluten-free-wraps-flat-bread","id":"8892958","productCount":5,"catalogGroupView":null},{"level":3,"name":"Naan Bread and Gyros","originalName":"Naan Bread and Gyros","seoToken":"naan-bread-and-gyros","id":"8892955","productCount":3,"catalogGroupView":null},{"level":3,"name":"Other Flat Breads","originalName":"Other Flat Breads","seoToken":"other-flat-breads","id":"8892954","productCount":12,"catalogGroupView":null},{"level":3,"name":"Pizza Bases","originalName":"Pizza Bases","seoToken":"pizza-bases","id":"8892957","productCount":13,"catalogGroupView":null},{"level":3,"name":"Turkish and Ciabatta","originalName":"Turkish and Ciabatta","seoToken":"turkish-and-ciabatta","id":"8892956","productCount":16,"catalogGroupView":null},{"level":3,"name":"White Wraps","originalName":"White Wraps","seoToken":"white-wraps","id":"8892942","productCount":21,"catalogGroupView":null},{"level":3,"name":"Wholegrain \u0026 Seeded Wraps","originalName":"Wholegrain \u0026 Seeded Wraps","seoToken":"wholegrain-seeded-wraps","id":"8892944","productCount":3,"catalogGroupView":null},{"level":3,"name":"Wholemeal Wraps","originalName":"Wholemeal Wraps","seoToken":"wholemeal-wraps","id":"8892943","productCount":3,"catalogGroupView":null}]},{"level":2,"name":"Vegan Range","originalName":"Vegan Range","seoToken":"vegan-range","id":"8897800","productCount":85,"catalogGroupView":[{"level":3,"name":"All Vegan Range","originalName":"All Vegan Range","seoToken":"all-vegan-range","id":"8897801","productCount":85,"catalogGroupView":null}]}],"image":"https://www.coles.com.au/content/dam/coles/shop-categories/bakery.png"},{"level":1,"name":"Deli","originalName":"Deli","seoToken":"deli","id":"8892715","productCount":596,"catalogGroupView":[{"level":2,"name":"Deli Chilled Meals","originalName":"Deli Chilled Meals","seoToken":"deli-chilled-meals","id":"8900604","productCount":14,"catalogGroupView":[{"level":3,"name":"Deli Quiches","originalName":"Deli Quiches","seoToken":"deli-quiches","id":"8900606","productCount":8,"catalogGroupView":null},{"level":3,"name":"Pies \u0026 Rolls","originalName":"Pies \u0026 Rolls","seoToken":"pies-rolls","id":"8900605","productCount":6,"catalogGroupView":null}]},{"level":2,"name":"Deli Crackers \u0026 Condiments","originalName":"Deli Crackers \u0026 Condiments","seoToken":"deli-crackers-condiments","id":"8892746","productCount":113,"catalogGroupView":[{"level":3,"name":"Crackers, Dips \u0026 Pate","originalName":"Crackers, Dips \u0026 Pate","seoToken":"crackers-dips-pate","id":"8892749","productCount":89,"catalogGroupView":null},{"level":3,"name":"Kosher Foods","originalName":"Kosher Foods","seoToken":"kosher-foods","id":"8892802","productCount":24,"catalogGroupView":null}]},{"level":2,"name":"Deli Gourmet Cheese","originalName":"Deli gourmet cheese","seoToken":"deli-gourmet-cheese","id":"8892750","productCount":83,"catalogGroupView":[{"level":3,"name":"Brie \u0026 Camembert","originalName":"Brie \u0026 camembert","seoToken":"brie-camembert","id":"8892753","productCount":20,"catalogGroupView":null},{"level":3,"name":"Cheddar","originalName":"Cheddar","seoToken":"cheddar","id":"8892751","productCount":8,"catalogGroupView":null},{"level":3,"name":"Deli Blue Cheese","originalName":"Deli blue cheese","seoToken":"deli-blue-cheese","id":"8892754","productCount":8,"catalogGroupView":null},{"level":3,"name":"Fetta, Haloumi \u0026 Other","originalName":"Fetta, haloumi \u0026 other","seoToken":"fetta-haloumi-other","id":"8892755","productCount":28,"catalogGroupView":null},{"level":3,"name":"Goats Cheese","originalName":"Goats cheese","seoToken":"goats-cheese","id":"8892752","productCount":9,"catalogGroupView":null},{"level":3,"name":"Hard Cheese","originalName":"Hard cheese","seoToken":"hard-cheese","id":"8892803","productCount":10,"catalogGroupView":null}]},{"level":2,"name":"Deli Meats","originalName":"Deli meats","seoToken":"deli-meats","id":"8892717","productCount":110,"catalogGroupView":[{"level":3,"name":"Beef \u0026 Lamb","originalName":"Beef \u0026 lamb","seoToken":"beef-lamb","id":"8900600","productCount":5,"catalogGroupView":null},{"level":3,"name":"Chicken \u0026 Turkey","originalName":"Chicken \u0026 turkey","seoToken":"chicken-turkey","id":"8900601","productCount":6,"catalogGroupView":null},{"level":3,"name":"Deli Bacon","originalName":"Deli bacon","seoToken":"deli-bacon","id":"8892718","productCount":9,"catalogGroupView":null},{"level":3,"name":"Ham","originalName":"Ham","seoToken":"ham","id":"8900602","productCount":20,"catalogGroupView":null},{"level":3,"name":"Kabana, Pancetta \u0026 Mortdella","originalName":"Kabana, pancetta \u0026 mortdella","seoToken":"kabana-pancetta-mortdella","id":"8892720","productCount":24,"catalogGroupView":null},{"level":3,"name":"Other Sliced Meats","originalName":"Other sliced meats","seoToken":"other-sliced-meats","id":"8900603","productCount":4,"catalogGroupView":null},{"level":3,"name":"Salami","originalName":"Salami","seoToken":"salami","id":"8892721","productCount":30,"catalogGroupView":null},{"level":3,"name":"Sausages, Frankfurts \u0026 Kransky","originalName":"Sausages, frankfurts \u0026 kransky","seoToken":"sausages-frankfurts-kransky","id":"8892719","productCount":12,"catalogGroupView":null}]},{"level":2,"name":"Deli Poultry","originalName":"Deli poultry","seoToken":"deli-poultry","id":"8892728","productCount":4,"catalogGroupView":[{"level":3,"name":"Kebabs, Nibbles \u0026 Crumbed","originalName":"Kebabs, nibbles \u0026 crumbed","seoToken":"kebabs-nibbles-crumbed","id":"8892729","productCount":4,"catalogGroupView":null}]},{"level":2,"name":"Deli Salads","originalName":"Deli salads","seoToken":"deli-salads","id":"8892739","productCount":34,"catalogGroupView":[{"level":3,"name":"Large","originalName":"Large","seoToken":"large","id":"8892742","productCount":16,"catalogGroupView":null},{"level":3,"name":"Medium","originalName":"Medium","seoToken":"medium","id":"8892741","productCount":6,"catalogGroupView":null},{"level":3,"name":"Small","originalName":"Small","seoToken":"small","id":"8892740","productCount":12,"catalogGroupView":null}]},{"level":2,"name":"Deli Seafood","originalName":"Deli seafood","seoToken":"deli-seafood","id":"8892733","productCount":49,"catalogGroupView":[{"level":3,"name":"Crab \u0026 Lobster","originalName":"Crab \u0026 lobster","seoToken":"crab-lobster","id":"8892736","productCount":3,"catalogGroupView":null},{"level":3,"name":"Fish","originalName":"Fish","seoToken":"fish","id":"8892734","productCount":11,"catalogGroupView":null},{"level":3,"name":"Marinara Mix and Other Seafood","originalName":"Marinara mix and other seafood","seoToken":"marinara-mix-and-other-seafood","id":"8892738","productCount":9,"catalogGroupView":null},{"level":3,"name":"Oysters","originalName":"Oysters","seoToken":"oysters","id":"8892737","productCount":2,"catalogGroupView":null},{"level":3,"name":"Prawn","originalName":"Prawn","seoToken":"prawn","id":"8892735","productCount":24,"catalogGroupView":null}]},{"level":2,"name":"Hot Food","originalName":"Hot food","seoToken":"hot-food","id":"8900607","productCount":7,"catalogGroupView":[{"level":3,"name":"Hot BBQ Chicken","originalName":"Hot BBQ chicken","seoToken":"hot-bbq-chicken","id":"8900608","productCount":3,"catalogGroupView":null},{"level":3,"name":"Other Hot Roasts","originalName":"Other hot roasts","seoToken":"other-hot-roasts","id":"8900609","productCount":4,"catalogGroupView":null}]},{"level":2,"name":"Olives \u0026 Antipasto","originalName":"Olives \u0026 antipasto","seoToken":"olives-antipasto","id":"8892743","productCount":20,"catalogGroupView":[{"level":3,"name":"Antipasto","originalName":"Antipasto","seoToken":"antipasto","id":"8892745","productCount":1,"catalogGroupView":null},{"level":3,"name":"Olives","originalName":"Olives","seoToken":"olives","id":"8892744","productCount":4,"catalogGroupView":null},{"level":3,"name":"Prepacked Olives \u0026 Antipasto","originalName":"Prepacked olives \u0026 antipasto","seoToken":"prepacked-olives-antipasto","id":"8892801","productCount":15,"catalogGroupView":null}]},{"level":2,"name":"Other Packaged Deli Meat","originalName":"Other Packaged Deli Meat","seoToken":"other-packaged-deli-meat","id":"8901800","productCount":149,"catalogGroupView":[{"level":3,"name":"Bacon Packaged","originalName":"Bacon Packaged","seoToken":"bacon-packaged","id":"8901802","productCount":30,"catalogGroupView":null},{"level":3,"name":"Frankfurts Packaged","originalName":"Frankfurts Packaged","seoToken":"frankfurts-packaged","id":"8901803","productCount":7,"catalogGroupView":null},{"level":3,"name":"Meat Packaged","originalName":"Meat Packaged","seoToken":"meat-packaged","id":"8901801","productCount":74,"catalogGroupView":null},{"level":3,"name":"Salami \u0026 Kabana Packaged","originalName":"Salami \u0026 Kabana Packaged","seoToken":"salami-kabana-packaged","id":"8901804","productCount":38,"catalogGroupView":null}]},{"level":2,"name":"Pre-made Platters","originalName":"Pre-made platters","seoToken":"pre-made-platters","id":"8900400","productCount":13,"catalogGroupView":[{"level":3,"name":"Deli Platter","originalName":"Deli platter","seoToken":"deli-platter","id":"8900611","productCount":13,"catalogGroupView":null}]}],"image":"https://www.coles.com.au/content/dam/coles/shop-categories/deli.png"},{"level":1,"name":"Pantry","originalName":"Pantry","seoToken":"pantry","id":"10302","productCount":8945,"catalogGroupView":[{"level":2,"name":"Baking","originalName":"Baking","seoToken":"baking","id":"8756","productCount":569,"catalogGroupView":[{"level":3,"name":"Breadcrumbs \u0026 Stuffing","originalName":"Breadcrumbs \u0026 stuffing","seoToken":"breadcrumbs-stuffing","id":"8339","productCount":13,"catalogGroupView":null},{"level":3,"name":"Cake \u0026 Bread Mixes","originalName":"Cake \u0026 bread mixes","seoToken":"cake-bread-mixes","id":"8423","productCount":82,"catalogGroupView":null},{"level":3,"name":"Cake Decorating","originalName":"Cake decorating","seoToken":"cake-decorating","id":"8374","productCount":52,"catalogGroupView":null},{"level":3,"name":"Cooking Chocolate \u0026 Cocoa","originalName":"Cooking chocolate \u0026 cocoa","seoToken":"cooking-chocolate-cocoa","id":"8744","productCount":46,"catalogGroupView":null},{"level":3,"name":"Dried Fruits \u0026 Fillings","originalName":"Dried fruits \u0026 fillings","seoToken":"dried-fruits-fillings","id":"8734","productCount":84,"catalogGroupView":null},{"level":3,"name":"Essence \u0026 Food Colouring","originalName":"Essence \u0026 food colouring","seoToken":"essence-food-colouring","id":"8433","productCount":26,"catalogGroupView":null},{"level":3,"name":"Flour","originalName":"Flour","seoToken":"flour","id":"8313","productCount":58,"catalogGroupView":null},{"level":3,"name":"Nuts for Baking","originalName":"Nuts for baking","seoToken":"nuts-for-baking","id":"89599","productCount":57,"catalogGroupView":null},{"level":3,"name":"Pancake \u0026 Dessert Mixes","originalName":"Pancake \u0026 dessert mixes","seoToken":"pancake-dessert-mixes","id":"8757","productCount":44,"catalogGroupView":null},{"level":3,"name":"Sugar \u0026 Sweeteners","originalName":"Sugar \u0026 sweeteners","seoToken":"sugar-sweeteners","id":"8317","productCount":70,"catalogGroupView":null},{"level":3,"name":"Yeast \u0026 Baking Agents","originalName":"Yeast \u0026 baking agents","seoToken":"yeast-baking-agents","id":"8358","productCount":37,"catalogGroupView":null}]},{"level":2,"name":"Breakfast","originalName":"Breakfast","seoToken":"breakfast","id":"7294","productCount":468,"catalogGroupView":[{"level":3,"name":"Breakfast Cereal","originalName":"Breakfast cereal","seoToken":"breakfast-cereal","id":"18742","productCount":113,"catalogGroupView":null},{"level":3,"name":"Breakfast Muesli","originalName":"Breakfast muesli","seoToken":"breakfast-muesli","id":"18744","productCount":101,"catalogGroupView":null},{"level":3,"name":"Breakfast Oats","originalName":"Breakfast oats","seoToken":"breakfast-oats","id":"18743","productCount":43,"catalogGroupView":null},{"level":3,"name":"Family Favourites","originalName":"Family favourites","seoToken":"family-favourites","id":"8883601","productCount":78,"catalogGroupView":null},{"level":3,"name":"Gluten Free Cereal","originalName":"Gluten free cereal","seoToken":"gluten-free-cereal","id":"8901200","productCount":31,"catalogGroupView":null},{"level":3,"name":"Healthier Start","originalName":"Healthier start","seoToken":"healthier-start","id":"8883600","productCount":43,"catalogGroupView":null},{"level":3,"name":"On the Go","originalName":"On the go","seoToken":"on-the-go","id":"18741","productCount":59,"catalogGroupView":null}]},{"level":2,"name":"Canned Food, Soups \u0026 Noodles","originalName":"Canned food, soups \u0026 noodles","seoToken":"canned-food-soups-noodles","id":"10146","productCount":1016,"catalogGroupView":[{"level":3,"name":"Baked Beans \u0026 Spaghetti","originalName":"Baked beans \u0026 spaghetti","seoToken":"baked-beans-spaghetti","id":"10095","productCount":60,"catalogGroupView":null},{"level":3,"name":"Canned Beans \u0026 Legumes","originalName":"Canned beans \u0026 legumes","seoToken":"canned-beans-legumes","id":"9679","productCount":49,"catalogGroupView":null},{"level":3,"name":"Canned Fruit","originalName":"Canned fruit","seoToken":"canned-fruit","id":"9804","productCount":108,"catalogGroupView":null},{"level":3,"name":"Canned Meat","originalName":"Canned meat","seoToken":"canned-meat","id":"9986","productCount":48,"catalogGroupView":null},{"level":3,"name":"Canned Vegetables","originalName":"Canned vegetables","seoToken":"canned-vegetables","id":"9964","productCount":160,"catalogGroupView":null},{"level":3,"name":"Condensed \u0026 Evaporated Milk","originalName":"Condensed \u0026 evaporated milk","seoToken":"condensed-evaporated-milk","id":"9993","productCount":13,"catalogGroupView":null},{"level":3,"name":"Fish \u0026 Seafood","originalName":"Fish \u0026 seafood","seoToken":"fish-seafood","id":"10091","productCount":204,"catalogGroupView":null},{"level":3,"name":"Instant Meals \u0026 Sides","originalName":"Instant meals \u0026 sides","seoToken":"instant-meals-sides","id":"10024","productCount":135,"catalogGroupView":null},{"level":3,"name":"Noodles","originalName":"Noodles","seoToken":"noodles","id":"9689","productCount":40,"catalogGroupView":null},{"level":3,"name":"Soups","originalName":"Soups","seoToken":"soups","id":"10147","productCount":199,"catalogGroupView":null}]},{"level":2,"name":"Chips, Crackers \u0026 Snacks","originalName":"Chips, crackers \u0026 snacks","seoToken":"chips-crackers-snacks","id":"7557","productCount":1333,"catalogGroupView":[{"level":3,"name":"Biscuits \u0026 Cookies","originalName":"Biscuits \u0026 cookies","seoToken":"biscuits-cookies","id":"7412","productCount":169,"catalogGroupView":null},{"level":3,"name":"Corn Chips \u0026 Salsa","originalName":"Corn chips \u0026 salsa","seoToken":"corn-chips-salsa","id":"7340","productCount":30,"catalogGroupView":null},{"level":3,"name":"Crackers \u0026 Crispbreads","originalName":"Crackers \u0026 crispbreads","seoToken":"crackers-crispbreads","id":"7558","productCount":260,"catalogGroupView":null},{"level":3,"name":"Muesli Bars \u0026 Fruit Snacks","originalName":"Muesli bars \u0026 fruit snacks","seoToken":"muesli-bars-fruit-snacks","id":"7463","productCount":423,"catalogGroupView":null},{"level":3,"name":"Nuts \u0026 Trail Mix","originalName":"Nuts \u0026 trail mix","seoToken":"nuts-trail-mix","id":"7443","productCount":71,"catalogGroupView":null},{"level":3,"name":"Popcorn","originalName":"Popcorn","seoToken":"popcorn","id":"7356","productCount":28,"catalogGroupView":null},{"level":3,"name":"Potato Chips","originalName":"Potato chips","seoToken":"potato-chips","id":"7327","productCount":164,"catalogGroupView":null},{"level":3,"name":"Pretzels \u0026 Other Snacks","originalName":"Pretzels \u0026 other snacks","seoToken":"pretzels-other-snacks","id":"7381","productCount":32,"catalogGroupView":null},{"level":3,"name":"Rice \u0026 Corn Snacks","originalName":"Rice \u0026 corn snacks","seoToken":"rice-corn-snacks","id":"7533","productCount":91,"catalogGroupView":null},{"level":3,"name":"Snack Crackers","originalName":"Snack crackers","seoToken":"snack-crackers","id":"8897417","productCount":65,"catalogGroupView":null}]},{"level":2,"name":"Coffee","originalName":"Coffee","seoToken":"coffee","id":"19888","productCount":316,"catalogGroupView":[{"level":3,"name":"Capsules","originalName":"Capsules","seoToken":"capsules","id":"19893","productCount":110,"catalogGroupView":null},{"level":3,"name":"Coffee Accessories","originalName":"Coffee accessories","seoToken":"coffee-accessories","id":"19894","productCount":4,"catalogGroupView":null},{"level":3,"name":"Coffee Beans","originalName":"Coffee beans","seoToken":"coffee-beans","id":"19891","productCount":44,"catalogGroupView":null},{"level":3,"name":"Coffee Mixes","originalName":"Coffee mixes","seoToken":"coffee-mixes","id":"19892","productCount":54,"catalogGroupView":null},{"level":3,"name":"Ground Coffee","originalName":"Ground coffee","seoToken":"ground-coffee","id":"19889","productCount":34,"catalogGroupView":null},{"level":3,"name":"Instant Coffee","originalName":"Instant Coffee","seoToken":"instant-coffee","id":"19890","productCount":70,"catalogGroupView":null}]},{"level":2,"name":"Confectionery","originalName":"Confectionery","seoToken":"confectionery","id":"7732","productCount":763,"catalogGroupView":[{"level":3,"name":"Boxed Chocolate","originalName":"Boxed chocolate","seoToken":"boxed-chocolate","id":"8880200","productCount":66,"catalogGroupView":null},{"level":3,"name":"Chocolate Bags","originalName":"Chocolate bags","seoToken":"chocolate-bags","id":"8880204","productCount":70,"catalogGroupView":null},{"level":3,"name":"Chocolate Bars","originalName":"Chocolate bars","seoToken":"chocolate-bars","id":"8880203","productCount":86,"catalogGroupView":null},{"level":3,"name":"Chocolate Blocks","originalName":"Chocolate blocks","seoToken":"chocolate-blocks","id":"8880202","productCount":128,"catalogGroupView":null},{"level":3,"name":"Chocolate Multipacks","originalName":"Chocolate multipacks","seoToken":"chocolate-multipacks","id":"8880201","productCount":32,"catalogGroupView":null},{"level":3,"name":"Chocolates","originalName":"Chocolates","seoToken":"chocolates","id":"7644","productCount":4,"catalogGroupView":null},{"level":3,"name":"Easter Chocolate","originalName":"Easter chocolate","seoToken":"easter-chocolate","id":"8903406","productCount":1,"catalogGroupView":null},{"level":3,"name":"Gum \u0026 Mints","originalName":"Gum \u0026 mints","seoToken":"gum-mints","id":"7733","productCount":74,"catalogGroupView":null},{"level":3,"name":"Lollies","originalName":"Lollies","seoToken":"lollies","id":"7708","productCount":160,"catalogGroupView":null},{"level":3,"name":"Medicated Lozenges","originalName":"Medicated lozenges","seoToken":"medicated-lozenges","id":"7933","productCount":15,"catalogGroupView":null},{"level":3,"name":"Seasonal Chocolates \u0026 Lollies","originalName":"Seasonal Chocolates \u0026 Lollies","seoToken":"seasonal-chocolates-lollies","id":"8893216","productCount":127,"catalogGroupView":null}]},{"level":2,"name":"Desserts","originalName":"Desserts","seoToken":"desserts","id":"8894200","productCount":101,"catalogGroupView":[{"level":3,"name":"Custard, Cream \u0026 Yoghurt Desserts","originalName":"Custard, cream \u0026 yoghurt desserts","seoToken":"custard-cream-yoghurt-desserts","id":"8894202","productCount":20,"catalogGroupView":null},{"level":3,"name":"Icecream Cones, Syrups \u0026 Toppings","originalName":"Icecream cones, syrups \u0026 toppings","seoToken":"icecream-cones-syrups-toppings","id":"8894201","productCount":32,"catalogGroupView":null},{"level":3,"name":"Jelly","originalName":"Jelly","seoToken":"jelly","id":"8894203","productCount":32,"catalogGroupView":null},{"level":3,"name":"Puddings","originalName":"Puddings","seoToken":"puddings","id":"8894204","productCount":10,"catalogGroupView":null},{"level":3,"name":"ready-to-freeze Ice Blocks","originalName":"Ready-to-freeze ice blocks","seoToken":"ready-to-freeze-ice-blocks","id":"8894205","productCount":7,"catalogGroupView":null}]},{"level":2,"name":"Health Foods","originalName":"Health Foods","seoToken":"health-foods","id":"10301","productCount":490,"catalogGroupView":[{"level":3,"name":"Healthy Breakfasts","originalName":"Healthy breakfasts","seoToken":"healthy-breakfasts","id":"8888004","productCount":98,"catalogGroupView":null},{"level":3,"name":"Healthy Cooking","originalName":"Healthy cooking","seoToken":"healthy-cooking","id":"12083","productCount":100,"catalogGroupView":null},{"level":3,"name":"Healthy Snacks","originalName":"Healthy snacks","seoToken":"healthy-snacks","id":"8888005","productCount":292,"catalogGroupView":null}]},{"level":2,"name":"Health Foods Sports Nutrition \u0026 Diet","originalName":"Health Foods Sports Nutrition \u0026 Diet","seoToken":"health-foods-sports-nutrition-diet","id":"8895600","productCount":250,"catalogGroupView":[{"level":3,"name":"Collagen","originalName":"Collagen","seoToken":"collagen","id":"8895601","productCount":10,"catalogGroupView":null},{"level":3,"name":"Diet Slimming Aids","originalName":"Diet Slimming Aids","seoToken":"diet-slimming-aids","id":"8895602","productCount":21,"catalogGroupView":null},{"level":3,"name":"Energy Gels/Tablets","originalName":"Energy Gels/Tablets","seoToken":"energy-gels-tablets","id":"8895604","productCount":3,"catalogGroupView":null},{"level":3,"name":"Nutrition Powders","originalName":"Nutrition Powders","seoToken":"nutrition-powders","id":"8895605","productCount":79,"catalogGroupView":null},{"level":3,"name":"Protein Bars \u0026 Balls","originalName":"Protein Bars \u0026 Balls","seoToken":"protein-bars-balls","id":"8895603","productCount":117,"catalogGroupView":null},{"level":3,"name":"RTD Protein Shakes","originalName":"RTD Protein Shakes","seoToken":"rtd-protein-shakes","id":"8895606","productCount":20,"catalogGroupView":null}]},{"level":2,"name":"Herbs \u0026 Spices","originalName":"Herbs \u0026 spices","seoToken":"herbs-spices","id":"8285","productCount":308,"catalogGroupView":[{"level":3,"name":"Dried Herbs \u0026 Spices","originalName":"Dried herbs \u0026 spices","seoToken":"dried-herbs-spices","id":"7927","productCount":46,"catalogGroupView":null},{"level":3,"name":"Dried Spices","originalName":"Dried Spices","seoToken":"dried-spices","id":"8888270","productCount":95,"catalogGroupView":null},{"level":3,"name":"Jars \u0026 Pastes","originalName":"Jars \u0026 pastes","seoToken":"jars-pastes","id":"8888271","productCount":11,"catalogGroupView":null},{"level":3,"name":"Packet Seasonings","originalName":"Packet seasonings","seoToken":"packet-seasonings","id":"8286","productCount":49,"catalogGroupView":null},{"level":3,"name":"Salt \u0026 Pepper","originalName":"Salt \u0026 pepper","seoToken":"salt-pepper","id":"8252","productCount":107,"catalogGroupView":null}]},{"level":2,"name":"International Foods","originalName":"International foods","seoToken":"international-foods","id":"8904802","productCount":1353,"catalogGroupView":[{"level":3,"name":"Asian","originalName":"Asian","seoToken":"asian","id":"8904804","productCount":545,"catalogGroupView":null},{"level":3,"name":"European","originalName":"European","seoToken":"european","id":"8904805","productCount":34,"catalogGroupView":null},{"level":3,"name":"Indian","originalName":"Indian","seoToken":"indian","id":"8904806","productCount":172,"catalogGroupView":null},{"level":3,"name":"Kosher","originalName":"Kosher","seoToken":"kosher","id":"8904808","productCount":145,"catalogGroupView":null},{"level":3,"name":"Mediterranean","originalName":"Mediterranean","seoToken":"mediterranean","id":"8904809","productCount":84,"catalogGroupView":null},{"level":3,"name":"Mexican","originalName":"Mexican","seoToken":"mexican","id":"8904810","productCount":102,"catalogGroupView":null},{"level":3,"name":"Middle Eastern","originalName":"Middle Eastern","seoToken":"middle-eastern","id":"8904811","productCount":158,"catalogGroupView":null},{"level":3,"name":"New Zealand","originalName":"New Zealand","seoToken":"new-zealand","id":"8904812","productCount":26,"catalogGroupView":null},{"level":3,"name":"South African","originalName":"South African","seoToken":"south-african","id":"8905000","productCount":27,"catalogGroupView":null},{"level":3,"name":"UK","originalName":"UK","seoToken":"uk","id":"8904814","productCount":56,"catalogGroupView":null},{"level":3,"name":"USA","originalName":"USA","seoToken":"usa","id":"8904815","productCount":4,"catalogGroupView":null}]},{"level":2,"name":"Jams, Honey \u0026 Spreads","originalName":"Jams, honey \u0026 spreads","seoToken":"jams-honey-spreads","id":"8881200","productCount":221,"catalogGroupView":[{"level":3,"name":"Chocolate Spreads","originalName":"Chocolate spreads","seoToken":"chocolate-spreads","id":"8881202","productCount":22,"catalogGroupView":null},{"level":3,"name":"Honey","originalName":"Honey","seoToken":"honey","id":"8881205","productCount":46,"catalogGroupView":null},{"level":3,"name":"Jams","originalName":"Jams","seoToken":"jams","id":"8881201","productCount":42,"catalogGroupView":null},{"level":3,"name":"Nut Spreads","originalName":"Nut spreads","seoToken":"nut-spreads","id":"8881203","productCount":83,"catalogGroupView":null},{"level":3,"name":"Savoury Spreads","originalName":"Savoury spreads","seoToken":"savoury-spreads","id":"8881204","productCount":28,"catalogGroupView":null}]},{"level":2,"name":"Oils \u0026 Vinegars","originalName":"Oils \u0026 vinegars","seoToken":"oils-vinegars","id":"9484","productCount":147,"catalogGroupView":[{"level":3,"name":"Oil","originalName":"Oil","seoToken":"oil","id":"9485","productCount":111,"catalogGroupView":null},{"level":3,"name":"Vinegar","originalName":"Vinegar","seoToken":"vinegar","id":"9442","productCount":36,"catalogGroupView":null}]},{"level":2,"name":"Pasta, Rice, Legumes \u0026 Grains","originalName":"Pasta, rice, legumes \u0026 grains","seoToken":"pasta-rice-legumes-grains","id":"9634","productCount":360,"catalogGroupView":[{"level":3,"name":"Beans \u0026 Legumes","originalName":"Beans \u0026 legumes","seoToken":"beans-legumes","id":"9635","productCount":48,"catalogGroupView":null},{"level":3,"name":"Microwave Rice","originalName":"Microwave rice","seoToken":"microwave-rice","id":"8888274","productCount":47,"catalogGroupView":null},{"level":3,"name":"Pasta","originalName":"Pasta","seoToken":"pasta","id":"9539","productCount":142,"catalogGroupView":null},{"level":3,"name":"Polenta \u0026 Other Grains","originalName":"Polenta \u0026 other grains","seoToken":"polenta-other-grains","id":"25712","productCount":3,"catalogGroupView":null},{"level":3,"name":"Rice","originalName":"Rice","seoToken":"rice","id":"9592","productCount":120,"catalogGroupView":null}]},{"level":2,"name":"Pickled Vegetables \u0026 Condiments","originalName":"Pickled vegetables \u0026 condiments","seoToken":"pickled-vegetables-condiments","id":"9232","productCount":456,"catalogGroupView":[{"level":3,"name":"Mayonnaise","originalName":"Mayonnaise","seoToken":"mayonnaise","id":"9139","productCount":56,"catalogGroupView":null},{"level":3,"name":"Mustard","originalName":"Mustard","seoToken":"mustard","id":"14000","productCount":19,"catalogGroupView":null},{"level":3,"name":"Pickles, Chutney \u0026 Relish","originalName":"Pickles, chutney \u0026 relish","seoToken":"pickles-chutney-relish","id":"9101","productCount":210,"catalogGroupView":null},{"level":3,"name":"Salad Dressings","originalName":"Salad dressings","seoToken":"salad-dressings","id":"9129","productCount":94,"catalogGroupView":null},{"level":3,"name":"Syrups \u0026 Toppings","originalName":"Syrups \u0026 toppings","seoToken":"syrups-toppings","id":"9233","productCount":36,"catalogGroupView":null},{"level":3,"name":"Tomato \u0026 BBQ Sauces","originalName":"Tomato \u0026 BBQ Sauces","seoToken":"tomato-bbq-sauces","id":"8888268","productCount":41,"catalogGroupView":null}]},{"level":2,"name":"Sauces","originalName":"Sauces","seoToken":"sauces","id":"9373","productCount":473,"catalogGroupView":[{"level":3,"name":"Marinades","originalName":"Marinades","seoToken":"marinades","id":"8888273","productCount":22,"catalogGroupView":null},{"level":3,"name":"Mustards","originalName":"Mustards","seoToken":"mustards","id":"8888269","productCount":19,"catalogGroupView":null},{"level":3,"name":"Pizza \u0026 Pasta","originalName":"Pizza \u0026 pasta","seoToken":"pizza-pasta","id":"9290","productCount":139,"catalogGroupView":null},{"level":3,"name":"Recipe \u0026 Meal Bases","originalName":"Recipe \u0026 meal bases","seoToken":"recipe-meal-bases","id":"9390","productCount":178,"catalogGroupView":null},{"level":3,"name":"Soy \u0026 Asian","originalName":"Soy \u0026 Asian","seoToken":"soy-asian","id":"9318","productCount":18,"catalogGroupView":null},{"level":3,"name":"Stir-fry and Curries","originalName":"Stir-fry and curries","seoToken":"stir-fry-and-curries","id":"9361","productCount":24,"catalogGroupView":null},{"level":3,"name":"Sweet Chilli \u0026 Hot","originalName":"Sweet chilli \u0026 hot","seoToken":"sweet-chilli-hot","id":"9374","productCount":31,"catalogGroupView":null},{"level":3,"name":"Tomato \u0026 BBQ","originalName":"Tomato \u0026 BBQ","seoToken":"tomato-bbq","id":"9250","productCount":42,"catalogGroupView":null}]},{"level":2,"name":"Stocks \u0026 Gravy","originalName":"Stocks \u0026 gravy","seoToken":"stocks-gravy","id":"8307","productCount":113,"catalogGroupView":[{"level":3,"name":"Dry Stock","originalName":"Dry stock","seoToken":"dry-stock","id":"8297","productCount":22,"catalogGroupView":null},{"level":3,"name":"Gravy","originalName":"Gravy","seoToken":"gravy","id":"8308","productCount":49,"catalogGroupView":null},{"level":3,"name":"Liquid Stock","originalName":"Liquid stock","seoToken":"liquid-stock","id":"8301","productCount":42,"catalogGroupView":null}]},{"level":2,"name":"Tea","originalName":"Tea","seoToken":"tea","id":"10303","productCount":208,"catalogGroupView":[{"level":3,"name":"Black","originalName":"Black","seoToken":"black","id":"10230","productCount":62,"catalogGroupView":null},{"level":3,"name":"Bubble Tea","originalName":"Bubble tea","seoToken":"bubble-tea","id":"8902602","productCount":9,"catalogGroupView":null},{"level":3,"name":"Chai","originalName":"Chai","seoToken":"chai","id":"19882","productCount":20,"catalogGroupView":null},{"level":3,"name":"Green","originalName":"Green","seoToken":"green","id":"19880","productCount":20,"catalogGroupView":null},{"level":3,"name":"Herbal","originalName":"Herbal","seoToken":"herbal","id":"19884","productCount":85,"catalogGroupView":null},{"level":3,"name":"Loose Leaf","originalName":"Loose leaf","seoToken":"loose-leaf","id":"19885","productCount":6,"catalogGroupView":null},{"level":3,"name":"Organic","originalName":"Organic","seoToken":"organic","id":"19883","productCount":5,"catalogGroupView":null},{"level":3,"name":"White","originalName":"White","seoToken":"white","id":"19881","productCount":1,"catalogGroupView":null}]}],"image":"https://www.coles.com.au/content/dam/coles/shop-categories/pantry.png"},{"level":1,"name":"Drinks","originalName":"Drinks","seoToken":"drinks","id":"11456","productCount":1636,"catalogGroupView":[{"level":2,"name":"Coffee Drinks","originalName":"Coffee Drinks","seoToken":"coffee-drinks","id":"98628","productCount":317,"catalogGroupView":[{"level":3,"name":"Accessories Coffee","originalName":"Accessories Coffee","seoToken":"accessories-coffee","id":"98659","productCount":5,"catalogGroupView":null},{"level":3,"name":"Beans Coffee","originalName":"Beans Coffee","seoToken":"beans-coffee","id":"98656","productCount":44,"catalogGroupView":null},{"level":3,"name":"Coffee Capsules","originalName":"Coffee Capsules","seoToken":"coffee-capsules","id":"98658","productCount":110,"catalogGroupView":null},{"level":3,"name":"Coffee Ground","originalName":"Coffee Ground","seoToken":"coffee-ground","id":"98654","productCount":34,"catalogGroupView":null},{"level":3,"name":"Coffee Instant","originalName":"Coffee Instant","seoToken":"coffee-instant","id":"98655","productCount":70,"catalogGroupView":null},{"level":3,"name":"Mixes Coffee","originalName":"Mixes Coffee","seoToken":"mixes-coffee","id":"98657","productCount":54,"catalogGroupView":null}]},{"level":2,"name":"Cold Drinks","originalName":"Cold drinks","seoToken":"cold-drinks","id":"8893454","productCount":41,"catalogGroupView":[{"level":3,"name":"Cold Soft Drinks","originalName":"Cold soft drinks","seoToken":"cold-soft-drinks","id":"8893457","productCount":23,"catalogGroupView":null},{"level":3,"name":"Cold Water","originalName":"Cold water","seoToken":"cold-water","id":"8893456","productCount":5,"catalogGroupView":null},{"level":3,"name":"Other Cold Drinks","originalName":"Other cold drinks","seoToken":"other-cold-drinks","id":"8893458","productCount":13,"catalogGroupView":null}]},{"level":2,"name":"Cordials","originalName":"Cordials","seoToken":"cordials","id":"98622","productCount":68,"catalogGroupView":[{"level":3,"name":"All Cordials","originalName":"All cordials","seoToken":"all-cordials","id":"98634","productCount":68,"catalogGroupView":null}]},{"level":2,"name":"Energy Drinks","originalName":"Energy drinks","seoToken":"energy-drinks","id":"8893442","productCount":58,"catalogGroupView":[{"level":3,"name":"Bottles","originalName":"Bottles","seoToken":"bottles","id":"8893445","productCount":2,"catalogGroupView":null},{"level":3,"name":"Multipack Cans","originalName":"Multipack cans","seoToken":"multipack-cans","id":"8893444","productCount":32,"catalogGroupView":null},{"level":3,"name":"Single Cans","originalName":"Single cans","seoToken":"single-cans","id":"8893443","productCount":24,"catalogGroupView":null}]},{"level":2,"name":"Flavoured Milk","originalName":"Flavoured Milk","seoToken":"flavoured-milk","id":"98626","productCount":74,"catalogGroupView":[{"level":3,"name":"Drinking Chocolate","originalName":"Drinking Chocolate","seoToken":"drinking-chocolate","id":"98645","productCount":11,"catalogGroupView":null},{"level":3,"name":"Drinks \u0026 Powders","originalName":"Drinks \u0026 Powders","seoToken":"drinks-powders","id":"98644","productCount":62,"catalogGroupView":null},{"level":3,"name":"Kids Milk","originalName":"Kids Milk","seoToken":"kids-milk","id":"98646","productCount":1,"catalogGroupView":null}]},{"level":2,"name":"Iced Tea","originalName":"Iced tea","seoToken":"iced-tea","id":"8893452","productCount":18,"catalogGroupView":[{"level":3,"name":"Single \u0026 Multi Serve","originalName":"Single \u0026 multi serve","seoToken":"single-multi-serve","id":"8893453","productCount":18,"catalogGroupView":null}]},{"level":2,"name":"Juice","originalName":"Juice","seoToken":"juice","id":"98624","productCount":291,"catalogGroupView":[{"level":3,"name":"Canned Juices","originalName":"Canned juices","seoToken":"canned-juices","id":"8893451","productCount":2,"catalogGroupView":null},{"level":3,"name":"Chilled Juice","originalName":"Chilled juice","seoToken":"chilled-juice","id":"98640","productCount":151,"catalogGroupView":null},{"level":3,"name":"Glass Juice Bottles","originalName":"Glass juice bottles","seoToken":"glass-juice-bottles","id":"8893447","productCount":18,"catalogGroupView":null},{"level":3,"name":"Multi Pack Juice","originalName":"Multi pack juice","seoToken":"multi-pack-juice","id":"8893450","productCount":42,"catalogGroupView":null},{"level":3,"name":"Packs \u0026 Pouches","originalName":"Packs \u0026 Pouches","seoToken":"packs-pouches","id":"8893449","productCount":10,"catalogGroupView":null},{"level":3,"name":"Plastic Juice Bottles","originalName":"Plastic juice bottles","seoToken":"plastic-juice-bottles","id":"8893448","productCount":68,"catalogGroupView":null}]},{"level":2,"name":"Long-Life Milk","originalName":"Long-Life Milk","seoToken":"long-life-milk","id":"98629","productCount":102,"catalogGroupView":[{"level":3,"name":"Almond Milk","originalName":"Almond Milk","seoToken":"almond-milk","id":"98662","productCount":21,"catalogGroupView":null},{"level":3,"name":"Lactose Free Milk","originalName":"Lactose Free Milk","seoToken":"lactose-free-milk","id":"98667","productCount":7,"catalogGroupView":null},{"level":3,"name":"Long Life Flavoured Milk","originalName":"Long Life Flavoured Milk","seoToken":"long-life-flavoured-milk","id":"98661","productCount":11,"catalogGroupView":null},{"level":3,"name":"Long Life Milk","originalName":"Long Life Milk","seoToken":"long-life-milk","id":"98660","productCount":16,"catalogGroupView":null},{"level":3,"name":"Oat \u0026 Rice Milks","originalName":"Oat \u0026 Rice Milks","seoToken":"oat-rice-milks","id":"98666","productCount":22,"catalogGroupView":null},{"level":3,"name":"Organic Milk","originalName":"Organic Milk","seoToken":"organic-milk","id":"98663","productCount":10,"catalogGroupView":null},{"level":3,"name":"Powdered Milk","originalName":"Powdered Milk","seoToken":"powdered-milk","id":"98665","productCount":4,"catalogGroupView":null},{"level":3,"name":"Soy Milk Long-Life","originalName":"Soy Milk Long-Life","seoToken":"soy-milk-long-life","id":"98664","productCount":11,"catalogGroupView":null}]},{"level":2,"name":"Non-alcoholic","originalName":"Non-alcoholic","seoToken":"non-alcoholic","id":"98630","productCount":39,"catalogGroupView":[{"level":3,"name":"Home Brewing","originalName":"Home brewing","seoToken":"home-brewing","id":"98668","productCount":22,"catalogGroupView":null},{"level":3,"name":"Non-alcoholic Drinks","originalName":"Non-alcoholic drinks","seoToken":"non-alcoholic-drinks","id":"98669","productCount":17,"catalogGroupView":null}]},{"level":2,"name":"Soft Drinks","originalName":"Soft drinks","seoToken":"soft-drinks","id":"98621","productCount":245,"catalogGroupView":[{"level":3,"name":"Kombucha \u0026 Other Drinks","originalName":"Kombucha \u0026 other drinks","seoToken":"kombucha-other-drinks","id":"98631","productCount":26,"catalogGroupView":null},{"level":3,"name":"Mixers","originalName":"Mixers","seoToken":"mixers","id":"98632","productCount":68,"catalogGroupView":null},{"level":3,"name":"Soft Drink Bottles","originalName":"Soft drink bottles","seoToken":"soft-drink-bottles","id":"8893441","productCount":80,"catalogGroupView":null},{"level":3,"name":"Soft Drink Cans","originalName":"Soft drink cans","seoToken":"soft-drink-cans","id":"8893440","productCount":71,"catalogGroupView":null}]},{"level":2,"name":"Sports Drinks","originalName":"Sports drinks","seoToken":"sports-drinks","id":"98625","productCount":40,"catalogGroupView":[{"level":3,"name":"All Iced Tea","originalName":"All Iced Tea","seoToken":"all-iced-tea","id":"98643","productCount":4,"catalogGroupView":null},{"level":3,"name":"Sport Drink Powders","originalName":"Sport drink powders","seoToken":"sport-drink-powders","id":"98642","productCount":4,"catalogGroupView":null},{"level":3,"name":"Sports Drink","originalName":"Sports drink","seoToken":"sports-drink","id":"98641","productCount":32,"catalogGroupView":null}]},{"level":2,"name":"Tea Drinks","originalName":"Tea Drinks","seoToken":"tea-drinks","id":"98627","productCount":211,"catalogGroupView":[{"level":3,"name":"Tea Black","originalName":"Tea Black","seoToken":"tea-black","id":"98647","productCount":62,"catalogGroupView":null},{"level":3,"name":"Tea Bubble","originalName":"Tea Bubble","seoToken":"tea-bubble","id":"8902603","productCount":9,"catalogGroupView":null},{"level":3,"name":"Tea Chai","originalName":"Tea Chai","seoToken":"tea-chai","id":"98650","productCount":20,"catalogGroupView":null},{"level":3,"name":"Tea Green","originalName":"Tea Green","seoToken":"tea-green","id":"98648","productCount":23,"catalogGroupView":null},{"level":3,"name":"Tea Herbal","originalName":"Tea Herbal","seoToken":"tea-herbal","id":"98652","productCount":85,"catalogGroupView":null},{"level":3,"name":"Tea Loose Leaf","originalName":"Tea Loose Leaf","seoToken":"tea-loose-leaf","id":"98653","productCount":6,"catalogGroupView":null},{"level":3,"name":"Tea Organic","originalName":"Tea Organic","seoToken":"tea-organic","id":"98651","productCount":5,"catalogGroupView":null},{"level":3,"name":"Tea White","originalName":"Tea White","seoToken":"tea-white","id":"98649","productCount":1,"catalogGroupView":null}]},{"level":2,"name":"Water","originalName":"Water","seoToken":"water","id":"98623","productCount":132,"catalogGroupView":[{"level":3,"name":"Flavoured Water","originalName":"Flavoured water","seoToken":"flavoured-water","id":"98638","productCount":13,"catalogGroupView":null},{"level":3,"name":"Mineral Water","originalName":"Mineral water","seoToken":"mineral-water","id":"98636","productCount":3,"catalogGroupView":null},{"level":3,"name":"Sparkling Water","originalName":"Sparkling water","seoToken":"sparkling-water","id":"98637","productCount":75,"catalogGroupView":null},{"level":3,"name":"Still Water","originalName":"Still water","seoToken":"still-water","id":"98635","productCount":41,"catalogGroupView":null}]}],"image":"https://www.coles.com.au/content/dam/coles/shop-categories/drinks.png"},{"level":1,"name":"Frozen","originalName":"Frozen","seoToken":"frozen","id":"85471","productCount":1621,"catalogGroupView":[{"level":2,"name":"Baby \u0026 Toddler Meals","originalName":"Baby \u0026 Toddler Meals","seoToken":"baby-toddler-meals","id":"89991","productCount":7,"catalogGroupView":[{"level":3,"name":"All Baby \u0026 Toddler Meals","originalName":"All Baby \u0026 Toddler Meals","seoToken":"all-baby-toddler-meals","id":"89992","productCount":7,"catalogGroupView":null}]},{"level":2,"name":"Frozen Chicken, Beef \u0026 Pork","originalName":"Frozen chicken, beef \u0026 pork","seoToken":"frozen-chicken-beef-pork","id":"85615","productCount":65,"catalogGroupView":[{"level":3,"name":"Burgers","originalName":"Burgers","seoToken":"burgers","id":"85644","productCount":4,"catalogGroupView":null},{"level":3,"name":"Chicken Pieces \u0026 Nuggets","originalName":"Chicken pieces \u0026 nuggets","seoToken":"chicken-pieces-nuggets","id":"85645","productCount":51,"catalogGroupView":null},{"level":3,"name":"Chicken Wing \u0026 Nibbles","originalName":"Chicken wing \u0026 nibbles","seoToken":"chicken-wing-nibbles","id":"85646","productCount":2,"catalogGroupView":null},{"level":3,"name":"Frozen Duck","originalName":"Frozen Duck","seoToken":"frozen-duck","id":"8901617","productCount":1,"catalogGroupView":null},{"level":3,"name":"Frozen Meat Free","originalName":"Frozen Meat Free","seoToken":"frozen-meat-free","id":"8904601","productCount":7,"catalogGroupView":null}]},{"level":2,"name":"Frozen Chips \u0026 Wedges","originalName":"Frozen chips \u0026 wedges","seoToken":"frozen-chips-wedges","id":"85991","productCount":27,"catalogGroupView":[{"level":3,"name":"Chips","originalName":"Chips","seoToken":"chips","id":"85620","productCount":22,"catalogGroupView":null},{"level":3,"name":"Hashbrowns","originalName":"Hashbrowns","seoToken":"hashbrowns","id":"85621","productCount":2,"catalogGroupView":null},{"level":3,"name":"Oven Roasted","originalName":"Oven roasted","seoToken":"oven-roasted","id":"85622","productCount":2,"catalogGroupView":null},{"level":3,"name":"Wedges","originalName":"Wedges","seoToken":"wedges","id":"85623","productCount":1,"catalogGroupView":null}]},{"level":2,"name":"Frozen Desserts","originalName":"Frozen desserts","seoToken":"frozen-desserts","id":"85611","productCount":50,"catalogGroupView":[{"level":3,"name":"Assorted Desserts","originalName":"Assorted desserts","seoToken":"assorted-desserts","id":"85626","productCount":15,"catalogGroupView":null},{"level":3,"name":"Cakes \u0026 Cheesecakes","originalName":"Cakes \u0026 cheesecakes","seoToken":"cakes-cheesecakes","id":"85627","productCount":16,"catalogGroupView":null},{"level":3,"name":"Dessert Pies","originalName":"Dessert pies","seoToken":"dessert-pies","id":"85628","productCount":13,"catalogGroupView":null},{"level":3,"name":"Ice Cream Cakes","originalName":"Ice cream cakes","seoToken":"ice-cream-cakes","id":"85629","productCount":5,"catalogGroupView":null},{"level":3,"name":"Pastries \u0026 Puddings","originalName":"Pastries \u0026 puddings","seoToken":"pastries-puddings","id":"85630","productCount":1,"catalogGroupView":null}]},{"level":2,"name":"Frozen Fish \u0026 Seafood","originalName":"Frozen fish \u0026 seafood","seoToken":"frozen-fish-seafood","id":"85612","productCount":159,"catalogGroupView":[{"level":3,"name":"Fish Fillets","originalName":"Fish fillets","seoToken":"fish-fillets","id":"85632","productCount":54,"catalogGroupView":null},{"level":3,"name":"Fish Fingers \u0026 Cakes","originalName":"Fish fingers \u0026 cakes","seoToken":"fish-fingers-cakes","id":"85631","productCount":10,"catalogGroupView":null},{"level":3,"name":"Seafood Frozen","originalName":"Seafood frozen","seoToken":"seafood-frozen","id":"85633","productCount":95,"catalogGroupView":null}]},{"level":2,"name":"Frozen Fruit","originalName":"Frozen fruit","seoToken":"frozen-fruit","id":"85613","productCount":41,"catalogGroupView":[{"level":3,"name":"Berries","originalName":"Berries","seoToken":"berries","id":"85634","productCount":19,"catalogGroupView":null},{"level":3,"name":"Tropical","originalName":"Tropical","seoToken":"tropical","id":"85635","productCount":22,"catalogGroupView":null}]},{"level":2,"name":"Frozen Meals","originalName":"Frozen meals","seoToken":"frozen-meals","id":"89177","productCount":286,"catalogGroupView":[{"level":3,"name":"Convenience Meals","originalName":"Convenience meals","seoToken":"convenience-meals","id":"85624","productCount":262,"catalogGroupView":null},{"level":3,"name":"Kosher Convenience Meals","originalName":"Kosher Convenience Meals","seoToken":"kosher-convenience-meals","id":"85625","productCount":24,"catalogGroupView":null}]},{"level":2,"name":"Frozen Pastry \u0026 Party Food","originalName":"Frozen pastry \u0026 party food","seoToken":"frozen-pastry-party-food","id":"85616","productCount":232,"catalogGroupView":[{"level":3,"name":"Asian Party Food","originalName":"Asian party food","seoToken":"asian-party-food","id":"85648","productCount":45,"catalogGroupView":null},{"level":3,"name":"Party Food","originalName":"Party food","seoToken":"party-food","id":"85651","productCount":81,"catalogGroupView":null},{"level":3,"name":"Pastries","originalName":"Pastries","seoToken":"pastries","id":"85649","productCount":17,"catalogGroupView":null},{"level":3,"name":"Pastry Sheets","originalName":"Pastry Sheets","seoToken":"pastry-sheets","id":"85652","productCount":19,"catalogGroupView":null},{"level":3,"name":"Pies \u0026 Quiches","originalName":"Pies \u0026 quiches","seoToken":"pies-quiches","id":"85650","productCount":70,"catalogGroupView":null}]},{"level":2,"name":"Frozen Pizza \u0026 Bases","originalName":"Frozen pizza \u0026 bases","seoToken":"frozen-pizza-bases","id":"85617","productCount":45,"catalogGroupView":[{"level":3,"name":"Pizza Snacks","originalName":"Pizza snacks","seoToken":"pizza-snacks","id":"85653","productCount":10,"catalogGroupView":null},{"level":3,"name":"Pizzas","originalName":"Pizzas","seoToken":"pizzas","id":"85654","productCount":35,"catalogGroupView":null}]},{"level":2,"name":"Frozen Vegetables","originalName":"Frozen vegetables","seoToken":"frozen-vegetables","id":"85618","productCount":109,"catalogGroupView":[{"level":3,"name":"Beans","originalName":"Beans","seoToken":"beans","id":"85655","productCount":6,"catalogGroupView":null},{"level":3,"name":"Corn","originalName":"Corn","seoToken":"corn","id":"85656","productCount":5,"catalogGroupView":null},{"level":3,"name":"Frozen Chips","originalName":"Frozen Chips","seoToken":"frozen-chips","id":"85657","productCount":20,"catalogGroupView":null},{"level":3,"name":"Mixed Vegetables","originalName":"Mixed vegetables","seoToken":"mixed-vegetables","id":"85658","productCount":27,"catalogGroupView":null},{"level":3,"name":"Other Vegetables","originalName":"Other vegetables","seoToken":"other-vegetables","id":"85659","productCount":22,"catalogGroupView":null},{"level":3,"name":"Oven Roast Potato","originalName":"Oven Roast Potato","seoToken":"oven-roast-potato","id":"85660","productCount":2,"catalogGroupView":null},{"level":3,"name":"Peas","originalName":"Peas","seoToken":"peas","id":"85661","productCount":10,"catalogGroupView":null},{"level":3,"name":"Steaming","originalName":"Steaming","seoToken":"steaming","id":"85662","productCount":11,"catalogGroupView":null},{"level":3,"name":"Stir Fry","originalName":"Stir fry","seoToken":"stir-fry","id":"85663","productCount":6,"catalogGroupView":null}]},{"level":2,"name":"Frozen World Food","originalName":"Frozen world food","seoToken":"frozen-world-food","id":"8905201","productCount":56,"catalogGroupView":[{"level":3,"name":"Frozen Asian Foods","originalName":"Frozen Asian foods","seoToken":"frozen-asian-foods","id":"8905202","productCount":37,"catalogGroupView":null},{"level":3,"name":"Frozen Indian Foods","originalName":"Frozen Indian foods","seoToken":"frozen-indian-foods","id":"8905203","productCount":19,"catalogGroupView":null}]},{"level":2,"name":"Ice","originalName":"Ice","seoToken":"ice","id":"85619","productCount":1,"catalogGroupView":[{"level":3,"name":"Ice Bags","originalName":"Ice bags","seoToken":"ice-bags","id":"85664","productCount":1,"catalogGroupView":null}]},{"level":2,"name":"Ice Cream","originalName":"Ice cream","seoToken":"ice-cream","id":"85614","productCount":543,"catalogGroupView":[{"level":3,"name":"Frozen Yoghurt","originalName":"Frozen yoghurt","seoToken":"frozen-yoghurt","id":"85636","productCount":6,"catalogGroupView":null},{"level":3,"name":"Ice Cream Desserts","originalName":"Ice cream desserts","seoToken":"ice-cream-desserts","id":"85637","productCount":9,"catalogGroupView":null},{"level":3,"name":"Ice Cream Sticks","originalName":"Ice cream sticks","seoToken":"ice-cream-sticks","id":"85638","productCount":185,"catalogGroupView":null},{"level":3,"name":"Ice Cream Tubs","originalName":"Ice cream tubs","seoToken":"ice-cream-tubs","id":"85639","productCount":158,"catalogGroupView":null},{"level":3,"name":"Kosher Ice Cream","originalName":"Kosher ice cream","seoToken":"kosher-ice-cream","id":"85642","productCount":3,"catalogGroupView":null},{"level":3,"name":"Premium Ice Cream","originalName":"Premium ice cream","seoToken":"premium-ice-cream","id":"85640","productCount":170,"catalogGroupView":null},{"level":3,"name":"Sorbet \u0026 Gelato","originalName":"Sorbet \u0026 gelato","seoToken":"sorbet-gelato","id":"85641","productCount":12,"catalogGroupView":null}]}],"image":"https://www.coles.com.au/content/dam/coles/shop-categories/frozen.png"},{"level":1,"name":"Household","originalName":"Household","seoToken":"household","id":"14003","productCount":3204,"catalogGroupView":[{"level":2,"name":"Air Fresheners \u0026 Home Fragrance","originalName":"Air Fresheners \u0026 Home Fragrance","seoToken":"air-fresheners-home-fragrance","id":"8898633","productCount":165,"catalogGroupView":[{"level":3,"name":"All Airfreshners","originalName":"All Airfreshners","seoToken":"all-airfreshners","id":"8898634","productCount":165,"catalogGroupView":null}]},{"level":2,"name":"Charity Donations","originalName":"Charity donations","seoToken":"charity-donations","id":"15005","productCount":5,"catalogGroupView":[{"level":3,"name":"Donations","originalName":"Donations","seoToken":"donations","id":"15006","productCount":5,"catalogGroupView":null}]},{"level":2,"name":"Cleaning Goods","originalName":"Cleaning goods","seoToken":"cleaning-goods","id":"13228","productCount":454,"catalogGroupView":[{"level":3,"name":"Bathroom Cleaners","originalName":"Bathroom cleaners","seoToken":"bathroom-cleaners","id":"12840","productCount":25,"catalogGroupView":null},{"level":3,"name":"Bleach","originalName":"Bleach","seoToken":"bleach","id":"12841","productCount":12,"catalogGroupView":null},{"level":3,"name":"Cleaning Accessories","originalName":"Cleaning accessories","seoToken":"cleaning-accessories","id":"8898616","productCount":19,"catalogGroupView":null},{"level":3,"name":"Cleaning Gloves","originalName":"Cleaning gloves","seoToken":"cleaning-gloves","id":"13229","productCount":30,"catalogGroupView":null},{"level":3,"name":"Drain \u0026 Solvents","originalName":"Drain \u0026 solvents","seoToken":"drain-solvents","id":"12842","productCount":11,"catalogGroupView":null},{"level":3,"name":"Fabric, Metal \u0026 Furniture","originalName":"Fabric, metal \u0026 furniture","seoToken":"fabric-metal-furniture","id":"12844","productCount":12,"catalogGroupView":null},{"level":3,"name":"Floor \u0026 Carpet Cleaners","originalName":"Floor \u0026 carpet cleaners","seoToken":"floor-carpet-cleaners","id":"12843","productCount":25,"catalogGroupView":null},{"level":3,"name":"Kitchen Cleaners","originalName":"Kitchen cleaners","seoToken":"kitchen-cleaners","id":"12845","productCount":18,"catalogGroupView":null},{"level":3,"name":"Mops, Buckets \u0026 Brooms","originalName":"Mops, buckets \u0026 brooms","seoToken":"mops-buckets-brooms","id":"25315","productCount":69,"catalogGroupView":null},{"level":3,"name":"Mould Killers \u0026 Disinfectants","originalName":"Mould killers \u0026 disinfectants","seoToken":"mould-killers-disinfectants","id":"12847","productCount":20,"catalogGroupView":null},{"level":3,"name":"Multipurpose Cleaners","originalName":"Multipurpose cleaners","seoToken":"multipurpose-cleaners","id":"12848","productCount":62,"catalogGroupView":null},{"level":3,"name":"Sponges, Cloths \u0026 Wipes","originalName":"Sponges, cloths \u0026 wipes","seoToken":"sponges-cloths-wipes","id":"12849","productCount":64,"catalogGroupView":null},{"level":3,"name":"Toilet Cleaning","originalName":"Toilet cleaning","seoToken":"toilet-cleaning","id":"8898615","productCount":80,"catalogGroupView":null},{"level":3,"name":"Windows \u0026 Glass","originalName":"Windows \u0026 glass","seoToken":"windows-glass","id":"12850","productCount":7,"catalogGroupView":null}]},{"level":2,"name":"Clothing \u0026 Accessories","originalName":"Clothing \u0026 accessories","seoToken":"clothing-accessories","id":"8888200","productCount":190,"catalogGroupView":[{"level":3,"name":"Children's Socks","originalName":"Children's socks","seoToken":"childrens-socks","id":"8888202","productCount":6,"catalogGroupView":null},{"level":3,"name":"Men's Socks","originalName":"Men's socks","seoToken":"mens-socks","id":"8888205","productCount":13,"catalogGroupView":null},{"level":3,"name":"Men's Underwear","originalName":"Men's underwear","seoToken":"mens-underwear","id":"8888206","productCount":9,"catalogGroupView":null},{"level":3,"name":"Seasonal Accessories","originalName":"Seasonal accessories","seoToken":"seasonal-accessories","id":"8888207","productCount":8,"catalogGroupView":null},{"level":3,"name":"Shoe Care and Footwear","originalName":"Shoe care and footwear","seoToken":"shoe-care-and-footwear","id":"8888208","productCount":31,"catalogGroupView":null},{"level":3,"name":"Women's Hosiery","originalName":"Women's hosiery","seoToken":"womens-hosiery","id":"8888204","productCount":96,"catalogGroupView":null},{"level":3,"name":"Women's Socks","originalName":"Women's socks","seoToken":"womens-socks","id":"8888209","productCount":12,"catalogGroupView":null},{"level":3,"name":"Women's Underwear","originalName":"Women's underwear","seoToken":"womens-underwear","id":"8888210","productCount":15,"catalogGroupView":null}]},{"level":2,"name":"Coles Best Buys","originalName":"Coles Best Buys","seoToken":"coles-best-buys","id":"8899200","productCount":82,"catalogGroupView":[{"level":3,"name":"Best Buys","originalName":"Best Buys","seoToken":"best-buys","id":"8899201","productCount":82,"catalogGroupView":null}]},{"level":2,"name":"Craft, Toys \u0026 Games","originalName":"Craft, toys \u0026 games","seoToken":"craft-toys-games","id":"8893414","productCount":27,"catalogGroupView":[{"level":3,"name":"Baby Toys","originalName":"Baby toys","seoToken":"baby-toys","id":"8893417","productCount":1,"catalogGroupView":null},{"level":3,"name":"Games \u0026 Hobbies","originalName":"Games \u0026 hobbies","seoToken":"games-hobbies","id":"8893418","productCount":11,"catalogGroupView":null},{"level":3,"name":"Toys","originalName":"Toys","seoToken":"toys","id":"8901201","productCount":15,"catalogGroupView":null}]},{"level":2,"name":"Dishwashing","originalName":"Dishwashing","seoToken":"dishwashing","id":"12938","productCount":214,"catalogGroupView":[{"level":3,"name":"Dishwasher Additives","originalName":"Dishwasher additives","seoToken":"dishwasher-additives","id":"12939","productCount":24,"catalogGroupView":null},{"level":3,"name":"Dishwasher Tablets, Powder \u0026 Gel","originalName":"Dishwasher tablets, powder \u0026 gel","seoToken":"dishwasher-tablets-powder-gel","id":"12940","productCount":53,"catalogGroupView":null},{"level":3,"name":"Dishwashing Liquid","originalName":"Dishwashing liquid","seoToken":"dishwashing-liquid","id":"12941","productCount":59,"catalogGroupView":null},{"level":3,"name":"Gloves","originalName":"Gloves","seoToken":"gloves","id":"8898619","productCount":25,"catalogGroupView":null},{"level":3,"name":"Sponges \u0026 Scourers","originalName":"Sponges \u0026 scourers","seoToken":"sponges-scourers","id":"8898602","productCount":53,"catalogGroupView":null}]},{"level":2,"name":"DIY \u0026 Car","originalName":"DIY \u0026 car","seoToken":"diy-car","id":"8893404","productCount":52,"catalogGroupView":[{"level":3,"name":"Adhesives, Glues \u0026 Tapes","originalName":"Adhesives, glues \u0026 tapes","seoToken":"adhesives-glues-tapes","id":"8893408","productCount":14,"catalogGroupView":null},{"level":3,"name":"Car Care","originalName":"Car care","seoToken":"car-care","id":"8893406","productCount":16,"catalogGroupView":null},{"level":3,"name":"Car Oil \u0026 Coolants","originalName":"Car oil \u0026 coolants","seoToken":"car-oil-coolants","id":"8893407","productCount":2,"catalogGroupView":null},{"level":3,"name":"Home Maintenance","originalName":"Home maintenance","seoToken":"home-maintenance","id":"8893410","productCount":1,"catalogGroupView":null},{"level":3,"name":"Hooks \u0026 Fasteners","originalName":"Hooks \u0026 fasteners","seoToken":"hooks-fasteners","id":"8893409","productCount":17,"catalogGroupView":null},{"level":3,"name":"Security","originalName":"Security","seoToken":"security","id":"8893411","productCount":2,"catalogGroupView":null}]},{"level":2,"name":"Electrical","originalName":"Electrical","seoToken":"electrical","id":"12387","productCount":198,"catalogGroupView":[{"level":3,"name":"Batteries","originalName":"Batteries","seoToken":"batteries","id":"12313","productCount":77,"catalogGroupView":null},{"level":3,"name":"Extension Cords \u0026 Adapters","originalName":"Extension cords \u0026 adapters","seoToken":"extension-cords-adapters","id":"12388","productCount":27,"catalogGroupView":null},{"level":3,"name":"Lighting","originalName":"Lighting","seoToken":"lighting","id":"12291","productCount":65,"catalogGroupView":null},{"level":3,"name":"Phone Accessories \u0026 Earphones","originalName":"Phone accessories \u0026 earphones","seoToken":"phone-accessories-earphones","id":"12350","productCount":25,"catalogGroupView":null},{"level":3,"name":"Torches","originalName":"Torches","seoToken":"torches","id":"12369","productCount":4,"catalogGroupView":null}]},{"level":2,"name":"Food Storage","originalName":"Food Storage","seoToken":"food-storage","id":"12255","productCount":2,"catalogGroupView":[{"level":3,"name":"Plastic Wrap \u0026 Bags","originalName":"Plastic Wrap \u0026 Bags","seoToken":"plastic-wrap-bags","id":"12256","productCount":2,"catalogGroupView":null}]},{"level":2,"name":"Garden","originalName":"Garden","seoToken":"garden","id":"13514","productCount":41,"catalogGroupView":[{"level":3,"name":"Gloves \u0026 Tools","originalName":"Gloves \u0026 tools","seoToken":"gloves-tools","id":"13295","productCount":6,"catalogGroupView":null},{"level":3,"name":"Insecticide \u0026 Weed Control","originalName":"Insecticide \u0026 weed control","seoToken":"insecticide-weed-control","id":"13457","productCount":8,"catalogGroupView":null},{"level":3,"name":"Lawncare \u0026 Plant Food","originalName":"Lawncare \u0026 plant food","seoToken":"lawncare-plant-food","id":"13434","productCount":1,"catalogGroupView":null},{"level":3,"name":"Potting Mix \u0026 Fertilizer","originalName":"Potting mix \u0026 fertilizer","seoToken":"potting-mix-fertilizer","id":"13264","productCount":17,"catalogGroupView":null},{"level":3,"name":"Seeds \u0026 Plants","originalName":"Seeds \u0026 plants","seoToken":"seeds-plants","id":"13453","productCount":4,"catalogGroupView":null},{"level":3,"name":"Watering","originalName":"Watering","seoToken":"watering","id":"13515","productCount":5,"catalogGroupView":null}]},{"level":2,"name":"Gifting","originalName":"Gifting","seoToken":"gifting","id":"8897600","productCount":6,"catalogGroupView":[{"level":3,"name":"Gifts","originalName":"Gifts","seoToken":"gifts","id":"8897601","productCount":6,"catalogGroupView":null}]},{"level":2,"name":"Homewares","originalName":"Homewares","seoToken":"homewares","id":"12113","productCount":200,"catalogGroupView":[{"level":3,"name":"Appliances","originalName":"Appliances","seoToken":"appliances","id":"11949","productCount":10,"catalogGroupView":null},{"level":3,"name":"Cutlery \u0026 Servingware","originalName":"Cutlery \u0026 servingware","seoToken":"cutlery-servingware","id":"11956","productCount":30,"catalogGroupView":null},{"level":3,"name":"Glassware","originalName":"Glassware","seoToken":"glassware","id":"11972","productCount":25,"catalogGroupView":null},{"level":3,"name":"Home Storage","originalName":"Home storage","seoToken":"home-storage","id":"12048","productCount":14,"catalogGroupView":null},{"level":3,"name":"Knives","originalName":"Knives","seoToken":"knives","id":"8903000","productCount":3,"catalogGroupView":null},{"level":3,"name":"Mugs \u0026 Cups","originalName":"Mugs \u0026 cups","seoToken":"mugs-cups","id":"11976","productCount":31,"catalogGroupView":null},{"level":3,"name":"Plates \u0026 Bowls","originalName":"Plates \u0026 bowls","seoToken":"plates-bowls","id":"12004","productCount":40,"catalogGroupView":null},{"level":3,"name":"Sewing","originalName":"Sewing","seoToken":"sewing","id":"12124","productCount":30,"catalogGroupView":null},{"level":3,"name":"Tea Towels \u0026 Aprons","originalName":"Tea towels \u0026 aprons","seoToken":"tea-towels-aprons","id":"12104","productCount":8,"catalogGroupView":null},{"level":3,"name":"Textiles \u0026 Accessories","originalName":"Textiles \u0026 accessories","seoToken":"textiles-accessories","id":"25005","productCount":1,"catalogGroupView":null},{"level":3,"name":"Water Filtration","originalName":"Water filtration","seoToken":"water-filtration","id":"12011","productCount":8,"catalogGroupView":null}]},{"level":2,"name":"Kitchen","originalName":"Kitchen","seoToken":"kitchen","id":"12164","productCount":460,"catalogGroupView":[{"level":3,"name":"Baking Tins \u0026 Trays","originalName":"Baking tins \u0026 trays","seoToken":"baking-tins-trays","id":"12119","productCount":29,"catalogGroupView":null},{"level":3,"name":"Foil, Baking Paper \u0026 Oven Bags","originalName":"Foil, baking paper \u0026 oven bags","seoToken":"foil-baking-paper-oven-bags","id":"12165","productCount":26,"catalogGroupView":null},{"level":3,"name":"Food Tubs \u0026 Containers","originalName":"Food tubs \u0026 containers","seoToken":"food-tubs-containers","id":"8898618","productCount":139,"catalogGroupView":null},{"level":3,"name":"Kitchen Tidy \u0026 Garbage Bags","originalName":"Kitchen tidy \u0026 garbage bags","seoToken":"kitchen-tidy-garbage-bags","id":"8898600","productCount":52,"catalogGroupView":null},{"level":3,"name":"Plastic Wraps \u0026 Bags","originalName":"Plastic wraps \u0026 bags","seoToken":"plastic-wraps-bags","id":"8898601","productCount":51,"catalogGroupView":null},{"level":3,"name":"Pots \u0026 Saucepans","originalName":"Pots \u0026 saucepans","seoToken":"pots-saucepans","id":"12155","productCount":19,"catalogGroupView":null},{"level":3,"name":"Sandwich \u0026 Freezer Bags","originalName":"Sandwich \u0026 Freezer Bags","seoToken":"sandwich-freezer-bags","id":"8898617","productCount":33,"catalogGroupView":null},{"level":3,"name":"Utensils \u0026 Gadgets","originalName":"Utensils \u0026 gadgets","seoToken":"utensils-gadgets","id":"12123","productCount":111,"catalogGroupView":null}]},{"level":2,"name":"Laundry","originalName":"Laundry","seoToken":"laundry","id":"13095","productCount":309,"catalogGroupView":[{"level":3,"name":"Fabric Softener","originalName":"Fabric softener","seoToken":"fabric-softener","id":"12984","productCount":52,"catalogGroupView":null},{"level":3,"name":"Ironing Aids","originalName":"Ironing aids","seoToken":"ironing-aids","id":"13037","productCount":7,"catalogGroupView":null},{"level":3,"name":"Laundry Accessories","originalName":"Laundry accessories","seoToken":"laundry-accessories","id":"13296","productCount":30,"catalogGroupView":null},{"level":3,"name":"Laundry Liquid","originalName":"Laundry liquid","seoToken":"laundry-liquid","id":"12971","productCount":110,"catalogGroupView":null},{"level":3,"name":"Laundry Powder","originalName":"Laundry powder","seoToken":"laundry-powder","id":"13009","productCount":37,"catalogGroupView":null},{"level":3,"name":"Pegs, Baskets \u0026 Hangers","originalName":"Pegs, baskets \u0026 hangers","seoToken":"pegs-baskets-hangers","id":"13096","productCount":9,"catalogGroupView":null},{"level":3,"name":"Stain Removal \u0026 Pre-wash","originalName":"Stain removal \u0026 pre-wash","seoToken":"stain-removal-pre-wash","id":"13065","productCount":64,"catalogGroupView":null}]},{"level":2,"name":"Mobile \u0026 Tech Accesories","originalName":"Mobile \u0026 tech accesories","seoToken":"mobile-tech-accesories","id":"8898206","productCount":30,"catalogGroupView":[{"level":3,"name":"Phones","originalName":"Phones","seoToken":"phones","id":"8898207","productCount":30,"catalogGroupView":null}]},{"level":2,"name":"Outdoors","originalName":"Outdoors","seoToken":"outdoors","id":"13835","productCount":176,"catalogGroupView":[{"level":3,"name":"Automotive","originalName":"Automotive","seoToken":"automotive","id":"12766","productCount":1,"catalogGroupView":null},{"level":3,"name":"BBQ","originalName":"BBQ","seoToken":"bbq","id":"13649","productCount":119,"catalogGroupView":null},{"level":3,"name":"Camping \u0026 Fishing","originalName":"Camping \u0026 fishing","seoToken":"camping-fishing","id":"13710","productCount":33,"catalogGroupView":null},{"level":3,"name":"Matches \u0026 Lighters","originalName":"Matches \u0026 lighters","seoToken":"matches-lighters","id":"13836","productCount":23,"catalogGroupView":null}]},{"level":2,"name":"Party Supplies","originalName":"Party supplies","seoToken":"party-supplies","id":"13945","productCount":160,"catalogGroupView":[{"level":3,"name":"Candles","originalName":"Candles","seoToken":"candles","id":"13853","productCount":17,"catalogGroupView":null},{"level":3,"name":"Cups \u0026 Glasses","originalName":"Cups \u0026 glasses","seoToken":"cups-glasses","id":"13939","productCount":6,"catalogGroupView":null},{"level":3,"name":"Decorations","originalName":"Decorations","seoToken":"decorations","id":"13906","productCount":71,"catalogGroupView":null},{"level":3,"name":"Disposable Plates \u0026 Bowls","originalName":"Disposable plates \u0026 bowls","seoToken":"disposable-plates-bowls","id":"13932","productCount":19,"catalogGroupView":null},{"level":3,"name":"Paper \u0026 Plastic Cutlery","originalName":"Paper \u0026 plastic cutlery","seoToken":"paper-plastic-cutlery","id":"13925","productCount":36,"catalogGroupView":null},{"level":3,"name":"Serviettes \u0026 Tablecloths","originalName":"Serviettes \u0026 tablecloths","seoToken":"serviettes-tablecloths","id":"13946","productCount":11,"catalogGroupView":null}]},{"level":2,"name":"Pest Control","originalName":"Pest control","seoToken":"pest-control","id":"13970","productCount":100,"catalogGroupView":[{"level":3,"name":"Crawling Insects","originalName":"Crawling insects","seoToken":"crawling-insects","id":"13971","productCount":24,"catalogGroupView":null},{"level":3,"name":"Flying Insects","originalName":"Flying insects","seoToken":"flying-insects","id":"13972","productCount":35,"catalogGroupView":null},{"level":3,"name":"Garden Pests","originalName":"Garden pests","seoToken":"garden-pests","id":"13974","productCount":21,"catalogGroupView":null},{"level":3,"name":"Mosquitos","originalName":"Mosquitos","seoToken":"mosquitos","id":"13973","productCount":10,"catalogGroupView":null},{"level":3,"name":"Rodents","originalName":"Rodents","seoToken":"rodents","id":"13975","productCount":10,"catalogGroupView":null}]},{"level":2,"name":"Sporting Essentials","originalName":"Sporting Essentials","seoToken":"sporting-essentials","id":"8902000","productCount":5,"catalogGroupView":[{"level":3,"name":"Sports Goods \u0026 Accessories","originalName":"Sports Goods \u0026 Accessories","seoToken":"sports-goods-accessories","id":"8902001","productCount":5,"catalogGroupView":null}]},{"level":2,"name":"Stationery \u0026 Media","originalName":"Stationery \u0026 media","seoToken":"stationery-media","id":"8887600","productCount":238,"catalogGroupView":[{"level":3,"name":"Magazines","originalName":"Magazines","seoToken":"magazines","id":"8887602","productCount":33,"catalogGroupView":null},{"level":3,"name":"Media","originalName":"Media","seoToken":"media","id":"8887603","productCount":39,"catalogGroupView":null},{"level":3,"name":"Stationery","originalName":"Stationery","seoToken":"stationery","id":"8887604","productCount":158,"catalogGroupView":null},{"level":3,"name":"Toys \u0026 Game","originalName":"Toys \u0026 Game","seoToken":"toys-game","id":"8887605","productCount":8,"catalogGroupView":null}]},{"level":2,"name":"Toilet Paper, Tissues \u0026 Paper Towels","originalName":"Toilet Paper, Tissues \u0026 Paper Towels","seoToken":"toilet-paper-tissues-paper-towels","id":"8891801","productCount":90,"catalogGroupView":[{"level":3,"name":"Facial Tissues","originalName":"Facial Tissues","seoToken":"facial-tissues","id":"8891805","productCount":39,"catalogGroupView":null},{"level":3,"name":"Paper Towel","originalName":"Paper Towel","seoToken":"paper-towel","id":"8898614","productCount":19,"catalogGroupView":null},{"level":3,"name":"Toilet Tissues","originalName":"Toilet Tissues","seoToken":"toilet-tissues","id":"8891810","productCount":32,"catalogGroupView":null}]}],"image":"https://www.coles.com.au/content/dam/coles/shop-categories/household.png"},{"level":1,"name":"Health \u0026 Beauty","originalName":"Health \u0026 beauty","seoToken":"health-beauty","id":"15083","productCount":4627,"catalogGroupView":[{"level":2,"name":"Continence Care","originalName":"Continence care","seoToken":"continence-care","id":"8907419","productCount":74,"catalogGroupView":[{"level":3,"name":"Continence Pads","originalName":"Continence pads","seoToken":"continence-pads","id":"8907806","productCount":26,"catalogGroupView":null},{"level":3,"name":"Female Washable Underwear","originalName":"Female washable underwear","seoToken":"female-washable-underwear","id":"8907800","productCount":13,"catalogGroupView":null},{"level":3,"name":"Liners","originalName":"Liners","seoToken":"liners","id":"8907801","productCount":12,"catalogGroupView":null},{"level":3,"name":"Male Pants","originalName":"Male pants","seoToken":"male-pants","id":"8907803","productCount":6,"catalogGroupView":null},{"level":3,"name":"Male Washable Underwear","originalName":"Male washable underwear","seoToken":"male-washable-underwear","id":"8907804","productCount":2,"catalogGroupView":null},{"level":3,"name":"Mens Pouches \u0026 Shields","originalName":"Mens pouches \u0026 shields","seoToken":"mens-pouches-shields","id":"8908000","productCount":3,"catalogGroupView":null},{"level":3,"name":"Pants","originalName":"Pants","seoToken":"pants","id":"8907807","productCount":12,"catalogGroupView":null}]},{"level":2,"name":"Cosmetics","originalName":"Cosmetics","seoToken":"cosmetics","id":"14267","productCount":316,"catalogGroupView":[{"level":3,"name":"Blush","originalName":"Blush","seoToken":"blush","id":"14220","productCount":1,"catalogGroupView":null},{"level":3,"name":"Concealer \u0026 Foundation","originalName":"Concealer \u0026 foundation","seoToken":"concealer-foundation","id":"8907400","productCount":106,"catalogGroupView":null},{"level":3,"name":"Eye Liner, Eye Shadow \u0026 Mascara","originalName":"Eye liner, eye shadow \u0026 mascara","seoToken":"eye-liner-eye-shadow-mascara","id":"14231","productCount":85,"catalogGroupView":null},{"level":3,"name":"Lips","originalName":"Lips","seoToken":"lips","id":"8907401","productCount":42,"catalogGroupView":null},{"level":3,"name":"Makeup Tools","originalName":"Makeup tools","seoToken":"makeup-tools","id":"95867","productCount":64,"catalogGroupView":null},{"level":3,"name":"Nails","originalName":"Nails","seoToken":"nails","id":"14268","productCount":18,"catalogGroupView":null}]},{"level":2,"name":"Dental Care","originalName":"Dental care","seoToken":"dental-care","id":"14345","productCount":258,"catalogGroupView":[{"level":3,"name":"Dental Floss \u0026 Tape","originalName":"Dental floss \u0026 tape","seoToken":"dental-floss-tape","id":"14292","productCount":20,"catalogGroupView":null},{"level":3,"name":"Denture Care","originalName":"Denture care","seoToken":"denture-care","id":"14346","productCount":12,"catalogGroupView":null},{"level":3,"name":"Mouthwash","originalName":"Mouthwash","seoToken":"mouthwash","id":"14333","productCount":35,"catalogGroupView":null},{"level":3,"name":"Toothbrushes","originalName":"Toothbrushes","seoToken":"toothbrushes","id":"14320","productCount":85,"catalogGroupView":null},{"level":3,"name":"Toothpaste","originalName":"Toothpaste","seoToken":"toothpaste","id":"14279","productCount":106,"catalogGroupView":null}]},{"level":2,"name":"First Aid \u0026 Medicinal","originalName":"First aid \u0026 medicinal","seoToken":"first-aid-medicinal","id":"8907402","productCount":467,"catalogGroupView":[{"level":3,"name":"Antacid \u0026 Indigestion","originalName":"Antacid \u0026 indigestion","seoToken":"antacid-indigestion","id":"8907403","productCount":64,"catalogGroupView":null},{"level":3,"name":"Antiseptic","originalName":"Antiseptic","seoToken":"antiseptic","id":"8907404","productCount":24,"catalogGroupView":null},{"level":3,"name":"Bandages \u0026 Strapping","originalName":"Bandages \u0026 strapping","seoToken":"bandages-strapping","id":"8907405","productCount":62,"catalogGroupView":null},{"level":3,"name":"Bandaids","originalName":"Bandaids","seoToken":"bandaids","id":"8907406","productCount":29,"catalogGroupView":null},{"level":3,"name":"Cold, Flu and Allergy","originalName":"Cold, flu and allergy","seoToken":"cold-flu-and-allergy","id":"8907407","productCount":103,"catalogGroupView":null},{"level":3,"name":"Cotton Wool \u0026 Cotton Buds","originalName":"Cotton wool \u0026 cotton buds","seoToken":"cotton-wool-cotton-buds","id":"8907410","productCount":5,"catalogGroupView":null},{"level":3,"name":"Eye \u0026 Ear Care","originalName":"Eye \u0026 ear care","seoToken":"eye-ear-care","id":"8907409","productCount":11,"catalogGroupView":null},{"level":3,"name":"Masks \u0026 Tests","originalName":"Masks \u0026 tests","seoToken":"masks-tests","id":"8907413","productCount":2,"catalogGroupView":null},{"level":3,"name":"Medicinal Oils \u0026 Ointments","originalName":"Medicinal oils \u0026 ointments","seoToken":"medicinal-oils-ointments","id":"8907411","productCount":56,"catalogGroupView":null},{"level":3,"name":"Other First Aid \u0026 Medicinal","originalName":"Other first aid \u0026 medicinal","seoToken":"other-first-aid-medicinal","id":"8907601","productCount":23,"catalogGroupView":null},{"level":3,"name":"Pain Relief","originalName":"Pain relief","seoToken":"pain-relief","id":"8907414","productCount":50,"catalogGroupView":null},{"level":3,"name":"Quit Smoking","originalName":"Quit smoking","seoToken":"quit-smoking","id":"8907415","productCount":38,"catalogGroupView":null}]},{"level":2,"name":"Hair Care","originalName":"Hair care","seoToken":"hair-care","id":"14459","productCount":1078,"catalogGroupView":[{"level":3,"name":"Colouring","originalName":"Colouring","seoToken":"colouring","id":"14447","productCount":234,"catalogGroupView":null},{"level":3,"name":"Gel, Mousse \u0026 Styling","originalName":"Gel, mousse \u0026 styling","seoToken":"gel-mousse-styling","id":"14413","productCount":148,"catalogGroupView":null},{"level":3,"name":"Hair Brushes, Combs \u0026 Accessories","originalName":"Hair brushes, combs \u0026 accessories","seoToken":"hair-brushes-combs-accessories","id":"8907416","productCount":116,"catalogGroupView":null},{"level":3,"name":"Shampoo \u0026 Conditioner","originalName":"Shampoo \u0026 conditioner","seoToken":"shampoo-conditioner","id":"8907417","productCount":477,"catalogGroupView":null},{"level":3,"name":"Treatments","originalName":"Treatments","seoToken":"treatments","id":"8907418","productCount":103,"catalogGroupView":null}]},{"level":2,"name":"Period Care","originalName":"Period care","seoToken":"period-care","id":"8892806","productCount":167,"catalogGroupView":[{"level":3,"name":"Accessories","originalName":"Accessories","seoToken":"accessories","id":"8892812","productCount":14,"catalogGroupView":null},{"level":3,"name":"Pads","originalName":"Pads","seoToken":"pads","id":"8892809","productCount":59,"catalogGroupView":null},{"level":3,"name":"Panty Liners","originalName":"Panty Liners","seoToken":"panty-liners","id":"8892808","productCount":22,"catalogGroupView":null},{"level":3,"name":"Reusables","originalName":"Reusables","seoToken":"reusables","id":"8892807","productCount":45,"catalogGroupView":null},{"level":3,"name":"Tampons","originalName":"Tampons","seoToken":"tampons","id":"8892810","productCount":27,"catalogGroupView":null}]},{"level":2,"name":"Personal Care","originalName":"Personal care","seoToken":"personal-care","id":"14214","productCount":331,"catalogGroupView":[{"level":3,"name":"Contraception \u0026 Sexual Health","originalName":"Contraception \u0026 sexual health","seoToken":"contraception-sexual-health","id":"14192","productCount":76,"catalogGroupView":null},{"level":3,"name":"Deodorants","originalName":"Deodorants","seoToken":"deodorants","id":"26341","productCount":220,"catalogGroupView":null},{"level":3,"name":"Footcare","originalName":"Footcare","seoToken":"footcare","id":"14150","productCount":19,"catalogGroupView":null},{"level":3,"name":"Pregnancy Tests","originalName":"Pregnancy tests","seoToken":"pregnancy-tests","id":"14196","productCount":16,"catalogGroupView":null}]},{"level":2,"name":"Shaving \u0026 Hair Removal","originalName":"Shaving \u0026 hair removal","seoToken":"shaving-hair-removal","id":"15084","productCount":266,"catalogGroupView":[{"level":3,"name":"After Shave Care","originalName":"After shave care","seoToken":"after-shave-care","id":"15086","productCount":45,"catalogGroupView":null},{"level":3,"name":"Razors \u0026 Blades","originalName":"Razors \u0026 blades","seoToken":"razors-blades","id":"15068","productCount":148,"catalogGroupView":null},{"level":3,"name":"Shave Gel \u0026 Foam","originalName":"Shave gel \u0026 foam","seoToken":"shave-gel-foam","id":"15075","productCount":28,"catalogGroupView":null},{"level":3,"name":"Wax, Cream \u0026 Bleach","originalName":"Wax, cream \u0026 bleach","seoToken":"wax-cream-bleach","id":"15082","productCount":45,"catalogGroupView":null}]},{"level":2,"name":"Shower \u0026 Bath Care","originalName":"Shower \u0026 bath care","seoToken":"shower-bath-care","id":"14598","productCount":356,"catalogGroupView":[{"level":3,"name":"Bath Accessories","originalName":"Bath accessories","seoToken":"bath-accessories","id":"14600","productCount":11,"catalogGroupView":null},{"level":3,"name":"Body Lotion","originalName":"Body lotion","seoToken":"body-lotion","id":"51248","productCount":27,"catalogGroupView":null},{"level":3,"name":"Body Wash","originalName":"Body wash","seoToken":"body-wash","id":"14596","productCount":90,"catalogGroupView":null},{"level":3,"name":"Bubble Bath \u0026 Salts","originalName":"Bubble bath \u0026 salts","seoToken":"bubble-bath-salts","id":"14546","productCount":19,"catalogGroupView":null},{"level":3,"name":"Hand Santiser","originalName":"Hand santiser","seoToken":"hand-santiser","id":"8907423","productCount":20,"catalogGroupView":null},{"level":3,"name":"Soap \u0026 Hand Wash","originalName":"Soap \u0026 hand wash","seoToken":"soap-hand-wash","id":"14568","productCount":188,"catalogGroupView":null},{"level":3,"name":"Talcum Powder","originalName":"Talcum powder","seoToken":"talcum-powder","id":"8907424","productCount":1,"catalogGroupView":null}]},{"level":2,"name":"Skin Care","originalName":"Skin Care","seoToken":"skin-care","id":"14533","productCount":683,"catalogGroupView":[{"level":3,"name":"Body Moisturiser","originalName":"Body moisturiser","seoToken":"body-moisturiser","id":"14501","productCount":71,"catalogGroupView":null},{"level":3,"name":"Cleansers \u0026 Skincare Wipes","originalName":"Cleansers \u0026 skincare wipes","seoToken":"cleansers-skincare-wipes","id":"14527","productCount":102,"catalogGroupView":null},{"level":3,"name":"Face Moisturiser","originalName":"Face moisturiser","seoToken":"face-moisturiser","id":"14494","productCount":218,"catalogGroupView":null},{"level":3,"name":"Hand Moisturiser","originalName":"Hand moisturiser","seoToken":"hand-moisturiser","id":"14505","productCount":15,"catalogGroupView":null},{"level":3,"name":"Lip Care","originalName":"Lip care","seoToken":"lip-care","id":"14531","productCount":27,"catalogGroupView":null},{"level":3,"name":"Self-tanning","originalName":"Self-tanning","seoToken":"self-tanning","id":"14487","productCount":250,"catalogGroupView":null}]},{"level":2,"name":"Sun Protection","originalName":"Sun protection","seoToken":"sun-protection","id":"8907420","productCount":111,"catalogGroupView":[{"level":3,"name":"After Sun","originalName":"After sun","seoToken":"after-sun","id":"8907422","productCount":6,"catalogGroupView":null},{"level":3,"name":"Sun Care","originalName":"Sun care","seoToken":"sun-care","id":"8907421","productCount":105,"catalogGroupView":null}]},{"level":2,"name":"Travel Packs and Minis","originalName":"Travel packs and minis","seoToken":"travel-packs-and-minis","id":"8907426","productCount":65,"catalogGroupView":[{"level":3,"name":"Travel Packs and Accessories","originalName":"Travel packs and accessories","seoToken":"travel-packs-and-accessories","id":"8907427","productCount":65,"catalogGroupView":null}]},{"level":2,"name":"Vitamins \u0026 Supplements","originalName":"Vitamins \u0026 supplements","seoToken":"vitamins-supplements","id":"8907425","productCount":455,"catalogGroupView":[{"level":3,"name":"Bone and Joint Health","originalName":"Bone and joint health","seoToken":"bone-and-joint-health","id":"8907428","productCount":59,"catalogGroupView":null},{"level":3,"name":"Brain, Eye and Heart Health","originalName":"Brain, Eye and Heart health","seoToken":"brain-eye-and-heart-health","id":"8907429","productCount":23,"catalogGroupView":null},{"level":3,"name":"Detox and Digestive Health","originalName":"Detox and digestive health","seoToken":"detox-and-digestive-health","id":"8907431","productCount":34,"catalogGroupView":null},{"level":3,"name":"Energy Support","originalName":"Energy support","seoToken":"energy-support","id":"8907432","productCount":43,"catalogGroupView":null},{"level":3,"name":"Essential Oils and Aroma Therapy","originalName":"Essential oils and aroma therapy","seoToken":"essential-oils-and-aroma-therapy","id":"8907433","productCount":14,"catalogGroupView":null},{"level":3,"name":"Family Planning","originalName":"Family planning","seoToken":"family-planning","id":"8907434","productCount":6,"catalogGroupView":null},{"level":3,"name":"Fish Oil","originalName":"Fish oil","seoToken":"fish-oil","id":"8907435","productCount":20,"catalogGroupView":null},{"level":3,"name":"Hair, Skin \u0026 Nails","originalName":"Hair, Skin \u0026 Nails","seoToken":"hair-skin-nails","id":"8907436","productCount":7,"catalogGroupView":null},{"level":3,"name":"Immune Support","originalName":"Immune support","seoToken":"immune-support","id":"8907437","productCount":45,"catalogGroupView":null},{"level":3,"name":"Iron","originalName":"Iron","seoToken":"iron","id":"8907442","productCount":12,"catalogGroupView":null},{"level":3,"name":"Kid's Health","originalName":"Kid's health","seoToken":"kids-health","id":"8907438","productCount":30,"catalogGroupView":null},{"level":3,"name":"Mens and Womens Multi Vitamins","originalName":"Mens and womens multi vitamins","seoToken":"mens-and-womens-multi-vitamins","id":"8907443","productCount":60,"catalogGroupView":null},{"level":3,"name":"Other Vitamins","originalName":"Other vitamins","seoToken":"other-vitamins","id":"8907600","productCount":62,"catalogGroupView":null},{"level":3,"name":"Sleep Support","originalName":"Sleep support","seoToken":"sleep-support","id":"8907444","productCount":29,"catalogGroupView":null},{"level":3,"name":"Supplements and Superfoods","originalName":"Supplements and superfoods","seoToken":"supplements-and-superfoods","id":"8907445","productCount":11,"catalogGroupView":null}]}],"image":"https://www.coles.com.au/content/dam/coles/shop-categories/health-beauty.png"},{"level":1,"name":"Baby","originalName":"Baby","seoToken":"baby","id":"15603","productCount":666,"catalogGroupView":[{"level":2,"name":"Baby \u0026 Toddler Food","originalName":"Baby \u0026 toddler food","seoToken":"baby-toddler-food","id":"8904003","productCount":256,"catalogGroupView":[{"level":3,"name":"Baby \u0026 Toddler Snacks","originalName":"Baby \u0026 toddler snacks","seoToken":"baby-toddler-snacks","id":"8904018","productCount":99,"catalogGroupView":null},{"level":3,"name":"Baby Cereals","originalName":"Baby Cereals","seoToken":"baby-cereals","id":"8904021","productCount":11,"catalogGroupView":null},{"level":3,"name":"Baby Food Bowls","originalName":"Baby food bowls","seoToken":"baby-food-bowls","id":"8904020","productCount":3,"catalogGroupView":null},{"level":3,"name":"Baby Food Jars","originalName":"Baby food jars","seoToken":"baby-food-jars","id":"8904019","productCount":6,"catalogGroupView":null},{"level":3,"name":"Baby Food Pouches","originalName":"Baby food pouches","seoToken":"baby-food-pouches","id":"8904017","productCount":125,"catalogGroupView":null},{"level":3,"name":"Baby Pasta","originalName":"Baby pasta","seoToken":"baby-pasta","id":"8904023","productCount":3,"catalogGroupView":null},{"level":3,"name":"Baby Rusks","originalName":"Baby rusks","seoToken":"baby-rusks","id":"8904022","productCount":9,"catalogGroupView":null}]},{"level":2,"name":"Baby Accessories","originalName":"Baby accessories","seoToken":"baby-accessories","id":"8904206","productCount":24,"catalogGroupView":[{"level":3,"name":"Baby Grooming \u0026 Oral Care","originalName":"Baby grooming \u0026 oral care","seoToken":"baby-grooming-oral-care","id":"8904224","productCount":3,"catalogGroupView":null},{"level":3,"name":"Baby Health \u0026 Safety","originalName":"Baby health \u0026 safety","seoToken":"baby-health-safety","id":"8904229","productCount":8,"catalogGroupView":null},{"level":3,"name":"Bathroom Accessories","originalName":"Bathroom  Accessories","seoToken":"bathroom-accessories","id":"8904227","productCount":4,"catalogGroupView":null},{"level":3,"name":"Car Accessories","originalName":"Car accessories","seoToken":"car-accessories","id":"8904228","productCount":1,"catalogGroupView":null},{"level":3,"name":"Nappy Change Accessories","originalName":"Nappy change accessories","seoToken":"nappy-change-accessories","id":"8904225","productCount":5,"catalogGroupView":null},{"level":3,"name":"Pram Accessories","originalName":"Pram accessories","seoToken":"pram-accessories","id":"8904230","productCount":3,"catalogGroupView":null}]},{"level":2,"name":"Baby Feeding","originalName":"Baby Feeding","seoToken":"baby-feeding","id":"8904208","productCount":7,"catalogGroupView":[{"level":3,"name":"Nursing Care","originalName":"Nursing Care","seoToken":"nursing-care","id":"8904237","productCount":7,"catalogGroupView":null}]},{"level":2,"name":"Baby Formula","originalName":"Baby formula","seoToken":"baby-formula","id":"8904001","productCount":79,"catalogGroupView":[{"level":3,"name":"A2 Formula","originalName":"A2 formula","seoToken":"a2-formula","id":"8904004","productCount":7,"catalogGroupView":null},{"level":3,"name":"Cow Formula","originalName":"Cow formula","seoToken":"cow-formula","id":"8904005","productCount":39,"catalogGroupView":null},{"level":3,"name":"Goat Formula","originalName":"Goat formula","seoToken":"goat-formula","id":"8904006","productCount":12,"catalogGroupView":null},{"level":3,"name":"Organic Formula","originalName":"Organic formula","seoToken":"organic-formula","id":"8904007","productCount":10,"catalogGroupView":null},{"level":3,"name":"Specialty Formula","originalName":"Specialty formula","seoToken":"specialty-formula","id":"8904008","productCount":11,"catalogGroupView":null}]},{"level":2,"name":"Baby Meal Time","originalName":"Baby Meal Time","seoToken":"baby-meal-time","id":"8904209","productCount":26,"catalogGroupView":[{"level":3,"name":"Baby Plates \u0026 Bowls","originalName":"Baby Plates \u0026 Bowls","seoToken":"baby-plates-bowls","id":"8904238","productCount":26,"catalogGroupView":null}]},{"level":2,"name":"Baby Wipes","originalName":"Baby wipes","seoToken":"baby-wipes","id":"8904203","productCount":28,"catalogGroupView":[{"level":3,"name":"Extra Large Pack","originalName":"Extra large pack","seoToken":"extra-large-pack","id":"8904214","productCount":4,"catalogGroupView":null},{"level":3,"name":"Large Pack","originalName":"Large pack","seoToken":"large-pack","id":"8904213","productCount":6,"catalogGroupView":null},{"level":3,"name":"Medium Pack","originalName":"Medium pack","seoToken":"medium-pack","id":"8904212","productCount":11,"catalogGroupView":null},{"level":3,"name":"Refill Pack","originalName":"Refill pack","seoToken":"refill-pack","id":"8904401","productCount":4,"catalogGroupView":null},{"level":3,"name":"Small Pack","originalName":"Small pack","seoToken":"small-pack","id":"8904211","productCount":2,"catalogGroupView":null},{"level":3,"name":"Travel Pack","originalName":"Travel pack","seoToken":"travel-pack","id":"8904400","productCount":1,"catalogGroupView":null}]},{"level":2,"name":"Bath \u0026 Skincare","originalName":"Bath \u0026 skincare","seoToken":"bath-skincare","id":"8904204","productCount":53,"catalogGroupView":[{"level":3,"name":"Baby Bath","originalName":"Baby bath","seoToken":"baby-bath","id":"8904215","productCount":7,"catalogGroupView":null},{"level":3,"name":"Baby Cotton Buds","originalName":"Baby cotton buds","seoToken":"baby-cotton-buds","id":"8904216","productCount":4,"catalogGroupView":null},{"level":3,"name":"Baby Hair \u0026 Body Wash","originalName":"Baby hair \u0026 body wash","seoToken":"baby-hair-body-wash","id":"8904218","productCount":10,"catalogGroupView":null},{"level":3,"name":"Baby Hair Care","originalName":"Baby hair care","seoToken":"baby-hair-care","id":"8904217","productCount":2,"catalogGroupView":null},{"level":3,"name":"Baby Medicinal","originalName":"Baby medicinal","seoToken":"baby-medicinal","id":"8904223","productCount":7,"catalogGroupView":null},{"level":3,"name":"Baby Moisturiser","originalName":"Baby moisturiser","seoToken":"baby-moisturiser","id":"8904222","productCount":9,"catalogGroupView":null},{"level":3,"name":"Baby Oil","originalName":"Baby oil","seoToken":"baby-oil","id":"8904221","productCount":4,"catalogGroupView":null},{"level":3,"name":"Baby Powder","originalName":"Baby powder","seoToken":"baby-powder","id":"8904220","productCount":5,"catalogGroupView":null},{"level":3,"name":"Nappy Rash Treatment","originalName":"Nappy rash treatment","seoToken":"nappy-rash-treatment","id":"8904219","productCount":5,"catalogGroupView":null}]},{"level":2,"name":"Bottles \u0026 Feeding","originalName":"Bottles \u0026 feeding","seoToken":"bottles-feeding","id":"8904207","productCount":51,"catalogGroupView":[{"level":3,"name":"Baby Bottles","originalName":"Baby bottles","seoToken":"baby-bottles","id":"8904233","productCount":4,"catalogGroupView":null},{"level":3,"name":"Baby Cups","originalName":"Baby cups","seoToken":"baby-cups","id":"8904234","productCount":21,"catalogGroupView":null},{"level":3,"name":"Baby Teats","originalName":"Baby teats","seoToken":"baby-teats","id":"8904235","productCount":5,"catalogGroupView":null},{"level":3,"name":"Bottle Accessories","originalName":"Bottle accessories","seoToken":"bottle-accessories","id":"8904232","productCount":7,"catalogGroupView":null},{"level":3,"name":"Bottle Cleaning","originalName":"Bottle cleaning","seoToken":"bottle-cleaning","id":"8904236","productCount":6,"catalogGroupView":null},{"level":3,"name":"Bottle Feeding","originalName":"Bottle feeding","seoToken":"bottle-feeding","id":"8904231","productCount":8,"catalogGroupView":null}]},{"level":2,"name":"Dummies \u0026 Teething","originalName":"Dummies \u0026 teething","seoToken":"dummies-teething","id":"8904210","productCount":30,"catalogGroupView":[{"level":3,"name":"Soothers \u0026 Teethers","originalName":"Soothers \u0026 teethers","seoToken":"soothers-teethers","id":"8904239","productCount":30,"catalogGroupView":null}]},{"level":2,"name":"Nappies \u0026 Nappy Pants","originalName":"Nappies \u0026 nappy pants","seoToken":"nappies-nappy-pants","id":"8904002","productCount":112,"catalogGroupView":[{"level":3,"name":"Bed Mats","originalName":"Bed mats","seoToken":"bed-mats","id":"8904009","productCount":1,"catalogGroupView":null},{"level":3,"name":"Eco Friendly Nappies","originalName":"Eco friendly nappies","seoToken":"eco-friendly-nappies","id":"8904011","productCount":17,"catalogGroupView":null},{"level":3,"name":"Nappies","originalName":"Nappies","seoToken":"nappies","id":"8904012","productCount":45,"catalogGroupView":null},{"level":3,"name":"Nappy Pants","originalName":"Nappy pants","seoToken":"nappy-pants","id":"8904013","productCount":34,"catalogGroupView":null},{"level":3,"name":"Night Pants","originalName":"Night pants","seoToken":"night-pants","id":"8904014","productCount":9,"catalogGroupView":null},{"level":3,"name":"Reuable Nappies","originalName":"Reuable nappies","seoToken":"reuable-nappies","id":"8904015","productCount":3,"catalogGroupView":null},{"level":3,"name":"Swimmers","originalName":"Swimmers","seoToken":"swimmers","id":"8904016","productCount":3,"catalogGroupView":null}]}],"image":"https://www.coles.com.au/content/dam/coles/shop-categories/baby.png"},{"level":1,"name":"Pet","originalName":"Pet","seoToken":"pet","id":"16427","productCount":907,"catalogGroupView":[{"level":2,"name":"Birds","originalName":"Birds","seoToken":"birds","id":"79211","productCount":50,"catalogGroupView":[{"level":3,"name":"Bird Food","originalName":"Bird food","seoToken":"bird-food","id":"66778","productCount":35,"catalogGroupView":null},{"level":3,"name":"Bird Treats","originalName":"Bird treats","seoToken":"bird-treats","id":"69332","productCount":15,"catalogGroupView":null}]},{"level":2,"name":"Cat \u0026 Kitten","originalName":"Cat \u0026 kitten","seoToken":"cat-kitten","id":"74581","productCount":334,"catalogGroupView":[{"level":3,"name":"Cat Accessories, Grooming \u0026 Toys","originalName":"Cat accessories, grooming \u0026 toys","seoToken":"cat-accessories-grooming-toys","id":"69553","productCount":10,"catalogGroupView":null},{"level":3,"name":"Cat Flea \u0026 Worming","originalName":"Cat flea \u0026 worming","seoToken":"cat-flea-worming","id":"68736","productCount":4,"catalogGroupView":null},{"level":3,"name":"Cat Litter","originalName":"Cat litter","seoToken":"cat-litter","id":"69522","productCount":19,"catalogGroupView":null},{"level":3,"name":"Cat Treats \u0026 Milk","originalName":"Cat treats \u0026 milk","seoToken":"cat-treats-milk","id":"67889","productCount":31,"catalogGroupView":null},{"level":3,"name":"Chilled Cat Food","originalName":"Chilled cat food","seoToken":"chilled-cat-food","id":"69777","productCount":13,"catalogGroupView":null},{"level":3,"name":"Dry Cat Food","originalName":"Dry cat food","seoToken":"dry-cat-food","id":"68746","productCount":49,"catalogGroupView":null},{"level":3,"name":"Kitten Food, Treats \u0026 Milk","originalName":"Kitten food, treats \u0026 milk","seoToken":"kitten-food-treats-milk","id":"8888800","productCount":35,"catalogGroupView":null},{"level":3,"name":"Trays \u0026 Cans Cat Food","originalName":"Trays \u0026 cans cat food","seoToken":"trays-cans-cat-food","id":"68523","productCount":173,"catalogGroupView":null}]},{"level":2,"name":"Dog \u0026 Puppy","originalName":"Dog \u0026 puppy","seoToken":"dog-puppy","id":"78415","productCount":469,"catalogGroupView":[{"level":3,"name":"Chilled Dog Food","originalName":"Chilled dog food","seoToken":"chilled-dog-food","id":"69444","productCount":40,"catalogGroupView":null},{"level":3,"name":"Dog Accessories, Grooming \u0026 Toys","originalName":"Dog accessories, grooming \u0026 toys","seoToken":"dog-accessories-grooming-toys","id":"66681","productCount":49,"catalogGroupView":null},{"level":3,"name":"Dog Flea \u0026 Worming","originalName":"Dog flea \u0026 worming","seoToken":"dog-flea-worming","id":"68666","productCount":14,"catalogGroupView":null},{"level":3,"name":"Dog Treats \u0026 Milk","originalName":"Dog treats \u0026 milk","seoToken":"dog-treats-milk","id":"66328","productCount":135,"catalogGroupView":null},{"level":3,"name":"Dry Dog Food","originalName":"Dry dog food","seoToken":"dry-dog-food","id":"69116","productCount":51,"catalogGroupView":null},{"level":3,"name":"Puppy Food, Treats \u0026 Milk","originalName":"Puppy food, treats \u0026 milk","seoToken":"puppy-food-treats-milk","id":"8888801","productCount":28,"catalogGroupView":null},{"level":3,"name":"Trays \u0026 Cans Dog Food","originalName":"Trays \u0026 cans dog food","seoToken":"trays-cans-dog-food","id":"66369","productCount":152,"catalogGroupView":null}]},{"level":2,"name":"Fish Food \u0026 Accessories","originalName":"Fish food \u0026 accessories","seoToken":"fish-food-accessories","id":"71122","productCount":7,"catalogGroupView":[{"level":3,"name":"Fish Food","originalName":"Fish food","seoToken":"fish-food","id":"62899","productCount":7,"catalogGroupView":null}]},{"level":2,"name":"Pet Scoop \u0026 Weigh","originalName":"Pet scoop \u0026 weigh","seoToken":"pet-scoop-weigh","id":"8900201","productCount":39,"catalogGroupView":[{"level":3,"name":"Scoop \u0026 Weigh Treats","originalName":"Scoop \u0026 weigh treats","seoToken":"scoop-weigh-treats","id":"8900202","productCount":39,"catalogGroupView":null}]},{"level":2,"name":"Small Pets","originalName":"Small pets","seoToken":"small-pets","id":"70036","productCount":8,"catalogGroupView":[{"level":3,"name":"Small Pets Food","originalName":"Small pets food","seoToken":"small-pets-food","id":"69742","productCount":8,"catalogGroupView":null}]}],"image":"https://www.coles.com.au/content/dam/coles/shop-categories/pet.png"},{"level":1,"name":"Liquor","originalName":"Liquor","seoToken":"liquor","id":"85946","productCount":3101,"catalogGroupView":[{"level":2,"name":"Beer","originalName":"beer","seoToken":"beer","id":"89715","productCount":765,"catalogGroupView":[{"level":3,"name":"All Beer","originalName":"all beer","seoToken":"all-beer","id":"89740","productCount":164,"catalogGroupView":null},{"level":3,"name":"Australian Beer","originalName":"australian beer","seoToken":"australian-beer","id":"8905803","productCount":144,"catalogGroupView":null},{"level":3,"name":"Ciders","originalName":"ciders","seoToken":"ciders","id":"89744","productCount":39,"catalogGroupView":null},{"level":3,"name":"Craft Beer","originalName":"craft beer","seoToken":"craft-beer","id":"8898632","productCount":194,"catalogGroupView":null},{"level":3,"name":"Full-strength","originalName":"full-strength","seoToken":"full-strength","id":"8898631","productCount":119,"catalogGroupView":null},{"level":3,"name":"Imported","originalName":"imported","seoToken":"imported","id":"8898630","productCount":74,"catalogGroupView":null},{"level":3,"name":"Low \u0026 No Alcohol","originalName":"low \u0026 no alcohol","seoToken":"low-no-alcohol","id":"8898629","productCount":5,"catalogGroupView":null},{"level":3,"name":"Mid-strength","originalName":"mid-strength","seoToken":"mid-strength","id":"8898628","productCount":26,"catalogGroupView":null}]},{"level":2,"name":"Cask \u0026 Fortified Wine","originalName":"cask \u0026 fortified wine","seoToken":"cask-fortified-wine","id":"8905602","productCount":75,"catalogGroupView":[{"level":3,"name":"Cask Red Wine","originalName":"cask red wine","seoToken":"cask-red-wine","id":"8905607","productCount":17,"catalogGroupView":null},{"level":3,"name":"Cask White Wine","originalName":"cask white wine","seoToken":"cask-white-wine","id":"8905608","productCount":20,"catalogGroupView":null},{"level":3,"name":"Muscat, Port \u0026 Sherry","originalName":"muscat, port \u0026 sherry","seoToken":"muscat-port-sherry","id":"8905609","productCount":38,"catalogGroupView":null}]},{"level":2,"name":"Champagne \u0026 Sparkling","originalName":"champagne \u0026 sparkling","seoToken":"champagne-sparkling","id":"8898625","productCount":227,"catalogGroupView":[{"level":3,"name":"Champagne","originalName":"champagne","seoToken":"champagne","id":"8898627","productCount":33,"catalogGroupView":null},{"level":3,"name":"Prosecco","originalName":"prosecco","seoToken":"prosecco","id":"8899800","productCount":84,"catalogGroupView":null},{"level":3,"name":"Sparkling","originalName":"sparkling","seoToken":"sparkling","id":"8898626","productCount":110,"catalogGroupView":null}]},{"level":2,"name":"Cider","originalName":"cider","seoToken":"cider","id":"8905600","productCount":98,"catalogGroupView":[{"level":3,"name":"Apple Cider","originalName":"apple cider","seoToken":"apple-cider","id":"8905801","productCount":49,"catalogGroupView":null},{"level":3,"name":"Other Flavoured Cider Varieties","originalName":"other flavoured cider varieties","seoToken":"other-flavoured-cider-varieties","id":"8905603","productCount":14,"catalogGroupView":null},{"level":3,"name":"Pear Cider","originalName":"pear cider","seoToken":"pear-cider","id":"8905604","productCount":35,"catalogGroupView":null}]},{"level":2,"name":"Non Alcoholic","originalName":"non alcoholic","seoToken":"non-alcoholic","id":"8905601","productCount":42,"catalogGroupView":[{"level":3,"name":"Non Alcoholic Beer","originalName":"non alcoholic beer","seoToken":"non-alcoholic-beer","id":"8905605","productCount":3,"catalogGroupView":null},{"level":3,"name":"Other Non- Alcoholic","originalName":"Other non- alcoholic","seoToken":"other-non-alcoholic","id":"8906051","productCount":39,"catalogGroupView":null}]},{"level":2,"name":"Premixed Drinks","originalName":"premixed drinks","seoToken":"premixed-drinks","id":"87941","productCount":373,"catalogGroupView":[{"level":3,"name":"Bourbon Premix","originalName":"bourbon premix","seoToken":"bourbon-premix","id":"8898635","productCount":93,"catalogGroupView":null},{"level":3,"name":"Gin Premix","originalName":"gin premix","seoToken":"gin-premix","id":"8899806","productCount":80,"catalogGroupView":null},{"level":3,"name":"Other Premix Varieties","originalName":"other premix varieties","seoToken":"other-premix-varieties","id":"8898638","productCount":94,"catalogGroupView":null},{"level":3,"name":"Rum Premix","originalName":"rum premix","seoToken":"rum-premix","id":"8898639","productCount":16,"catalogGroupView":null},{"level":3,"name":"Seltzers","originalName":"seltzers","seoToken":"seltzers","id":"8905610","productCount":47,"catalogGroupView":null},{"level":3,"name":"Vodka Premix","originalName":"vodka premix","seoToken":"vodka-premix","id":"8898640","productCount":43,"catalogGroupView":null}]},{"level":2,"name":"Red Wine","originalName":"red wine","seoToken":"red-wine","id":"87938","productCount":672,"catalogGroupView":[{"level":3,"name":"All Red Wines","originalName":"all red wines","seoToken":"all-red-wines","id":"89745","productCount":211,"catalogGroupView":null},{"level":3,"name":"Cabernet Sauvignon \u0026 Blends","originalName":"cabernet sauvignon \u0026 blends","seoToken":"cabernet-sauvignon-blends","id":"89748","productCount":60,"catalogGroupView":null},{"level":3,"name":"Cask Red Wine","originalName":"cask red wine","seoToken":"cask-red-wine","id":"89746","productCount":21,"catalogGroupView":null},{"level":3,"name":"Fortified Wines","originalName":"fortified wines","seoToken":"fortified-wines","id":"89747","productCount":25,"catalogGroupView":null},{"level":3,"name":"Grenache","originalName":"grenache","seoToken":"grenache","id":"8906001","productCount":18,"catalogGroupView":null},{"level":3,"name":"Merlot","originalName":"merlot","seoToken":"merlot","id":"89749","productCount":15,"catalogGroupView":null},{"level":3,"name":"Other Red Wine Varieties","originalName":"other red wine varieties","seoToken":"other-red-wine-varieties","id":"89753","productCount":97,"catalogGroupView":null},{"level":3,"name":"Pinot Noir","originalName":"pinot noir","seoToken":"pinot-noir","id":"89750","productCount":63,"catalogGroupView":null},{"level":3,"name":"Red Blends","originalName":"red blends","seoToken":"red-blends","id":"8906002","productCount":48,"catalogGroupView":null},{"level":3,"name":"Shiraz \u0026 Blends","originalName":"shiraz \u0026 blends","seoToken":"shiraz-blends","id":"89752","productCount":98,"catalogGroupView":null},{"level":3,"name":"Tempranillo","originalName":"tempranillo","seoToken":"tempranillo","id":"8898624","productCount":16,"catalogGroupView":null}]},{"level":2,"name":"Rose","originalName":"rose","seoToken":"rose","id":"8899807","productCount":83,"catalogGroupView":[{"level":3,"name":"All Rose","originalName":"all rose","seoToken":"all-rose","id":"8899808","productCount":83,"catalogGroupView":null}]},{"level":2,"name":"Spirits","originalName":"spirits","seoToken":"spirits","id":"87940","productCount":351,"catalogGroupView":[{"level":3,"name":"All Spirits","originalName":"all spirits","seoToken":"all-spirits","id":"89762","productCount":55,"catalogGroupView":null},{"level":3,"name":"American \u0026 Canadian Whiskey","originalName":"american \u0026 canadian whiskey","seoToken":"american-canadian-whiskey","id":"8905805","productCount":6,"catalogGroupView":null},{"level":3,"name":"Aperitif, Vermouth and Digestives","originalName":"aperitif, vermouth and digestives","seoToken":"aperitif-vermouth-and-digestives","id":"8898623","productCount":10,"catalogGroupView":null},{"level":3,"name":"Bourbon","originalName":"bourbon","seoToken":"bourbon","id":"89767","productCount":29,"catalogGroupView":null},{"level":3,"name":"Brandy \u0026 Cognac","originalName":"brandy \u0026 cognac","seoToken":"brandy-cognac","id":"8898622","productCount":9,"catalogGroupView":null},{"level":3,"name":"Gin","originalName":"Gin","seoToken":"gin","id":"89768","productCount":87,"catalogGroupView":null},{"level":3,"name":"Liqueurs","originalName":"liqueurs","seoToken":"liqueurs","id":"89765","productCount":28,"catalogGroupView":null},{"level":3,"name":"Other Spirits Varieties","originalName":"other spirits varieties","seoToken":"other-spirits-varieties","id":"8905806","productCount":5,"catalogGroupView":null},{"level":3,"name":"Rum","originalName":"rum","seoToken":"rum","id":"8906006","productCount":21,"catalogGroupView":null},{"level":3,"name":"Rum Dark","originalName":"rum dark","seoToken":"rum-dark","id":"8899804","productCount":2,"catalogGroupView":null},{"level":3,"name":"Rum White","originalName":"rum white","seoToken":"rum-white","id":"8899805","productCount":1,"catalogGroupView":null},{"level":3,"name":"Single Malt Whiskey","originalName":"single malt whiskey","seoToken":"single-malt-whiskey","id":"8899802","productCount":6,"catalogGroupView":null},{"level":3,"name":"Tequila","originalName":"tequila","seoToken":"tequila","id":"8898621","productCount":15,"catalogGroupView":null},{"level":3,"name":"Vodka","originalName":"vodka","seoToken":"vodka","id":"89771","productCount":27,"catalogGroupView":null},{"level":3,"name":"Whisky","originalName":"whisky","seoToken":"whisky","id":"8899803","productCount":50,"catalogGroupView":null}]},{"level":2,"name":"White Wine","originalName":"white wine","seoToken":"white-wine","id":"87939","productCount":415,"catalogGroupView":[{"level":3,"name":"All White Wine","originalName":"all white wine","seoToken":"all-white-wine","id":"89754","productCount":132,"catalogGroupView":null},{"level":3,"name":"Cask White Wines","originalName":"cask white wines","seoToken":"cask-white-wines","id":"89755","productCount":20,"catalogGroupView":null},{"level":3,"name":"Chardonnay","originalName":"chardonnay","seoToken":"chardonnay","id":"89757","productCount":94,"catalogGroupView":null},{"level":3,"name":"Moscato \u0026 Sweet White Wine","originalName":"moscato \u0026 sweet white wine","seoToken":"moscato-sweet-white-wine","id":"8906005","productCount":7,"catalogGroupView":null},{"level":3,"name":"Other White Wine Varieties","originalName":"other white wine varieties","seoToken":"other-white-wine-varieties","id":"89761","productCount":24,"catalogGroupView":null},{"level":3,"name":"Pinot Gris \u0026 Grigio","originalName":"pinot gris \u0026 grigio","seoToken":"pinot-gris-grigio","id":"89758","productCount":44,"catalogGroupView":null},{"level":3,"name":"Riesling","originalName":"riesling","seoToken":"riesling","id":"89759","productCount":18,"catalogGroupView":null},{"level":3,"name":"Sauvignon Blanc","originalName":"sauvignon blanc","seoToken":"sauvignon-blanc","id":"89760","productCount":61,"catalogGroupView":null},{"level":3,"name":"Semillon Sauvignon Blanc","originalName":"semillon sauvignon blanc","seoToken":"semillon-sauvignon-blanc","id":"8906050","productCount":15,"catalogGroupView":null}]}],"image":"https://www.coles.com.au/content/dam/coles/shop-categories/liquor.png"},{"level":1,"name":"Tobacco","originalName":"Tobacco","seoToken":"tobacco","id":"17490","productCount":460,"catalogGroupView":[{"level":2,"name":"Tobacco, Cigarettes \u0026 Cigars","originalName":"Tobacco, Cigarettes \u0026 Cigars","seoToken":"tobacco-cigarettes-cigars","id":"17390","productCount":460,"catalogGroupView":[{"level":3,"name":"Cigarettes","originalName":"Cigarettes","seoToken":"cigarettes","id":"17336","productCount":371,"catalogGroupView":null},{"level":3,"name":"Cigars","originalName":"Cigars","seoToken":"cigars","id":"17359","productCount":9,"catalogGroupView":null},{"level":3,"name":"Lighters","originalName":"Lighters","seoToken":"lighters","id":"8903801","productCount":4,"catalogGroupView":null},{"level":3,"name":"Loose Tobacco","originalName":"Loose Tobacco","seoToken":"loose-tobacco","id":"17372","productCount":62,"catalogGroupView":null},{"level":3,"name":"Papers \u0026 Filters","originalName":"Papers \u0026 Filters","seoToken":"papers-filters","id":"17346","productCount":14,"catalogGroupView":null}]}],"image":"https://www.coles.com.au/content/dam/coles/shop-categories/tobacco.png"},{"level":1,"name":"Back to School","originalName":"Back to school","seoToken":"back-to-school","id":"8904801","productCount":1053,"catalogGroupView":[{"level":2,"name":"After School Snacks","originalName":"After school snacks","seoToken":"after-school-snacks","id":"8908400","productCount":293,"catalogGroupView":[{"level":3,"name":"Chilled Snacks","originalName":"Chilled snacks","seoToken":"chilled-snacks","id":"8908405","productCount":60,"catalogGroupView":null},{"level":3,"name":"Crackers \u0026 Biscuits","originalName":"Crackers \u0026 biscuits","seoToken":"crackers-biscuits","id":"8908406","productCount":29,"catalogGroupView":null},{"level":3,"name":"Dried Fruit \u0026 Nuts","originalName":"Dried fruit \u0026 nuts","seoToken":"dried-fruit-nuts","id":"8908407","productCount":23,"catalogGroupView":null},{"level":3,"name":"Fruit and Vegetables","originalName":"Fruit and vegetables","seoToken":"fruit-and-vegetables","id":"8908409","productCount":13,"catalogGroupView":null},{"level":3,"name":"Hot Snack","originalName":"Hot snack","seoToken":"hot-snack","id":"8908411","productCount":36,"catalogGroupView":null},{"level":3,"name":"Muesli Bars and Fruit Snacks","originalName":"Muesli bars and fruit snacks","seoToken":"muesli-bars-and-fruit-snacks","id":"8908433","productCount":132,"catalogGroupView":null}]},{"level":2,"name":"Lunch Boxes \u0026 Bottles","originalName":"Lunch boxes \u0026 bottles","seoToken":"lunch-boxes-bottles","id":"8908401","productCount":95,"catalogGroupView":[{"level":3,"name":"Drink Bottles \u0026 Thermos","originalName":"Drink bottles \u0026 thermos","seoToken":"drink-bottles-thermos","id":"8908413","productCount":43,"catalogGroupView":null},{"level":3,"name":"Lunch Boxes \u0026 Food Storage","originalName":"Lunch boxes \u0026 food storage","seoToken":"lunch-boxes-food-storage","id":"8908414","productCount":24,"catalogGroupView":null},{"level":3,"name":"Plastic Bags \u0026 Wraps","originalName":"Plastic bags \u0026 wraps","seoToken":"plastic-bags-wraps","id":"8908415","productCount":28,"catalogGroupView":null}]},{"level":2,"name":"School Day Breakfast","originalName":"School day breakfast","seoToken":"school-day-breakfast","id":"8908402","productCount":181,"catalogGroupView":[{"level":3,"name":"Breakfast Juice","originalName":"Breakfast juice","seoToken":"breakfast-juice","id":"8908416","productCount":14,"catalogGroupView":null},{"level":3,"name":"Cereal, Muesli \u0026 Oats","originalName":"Cereal, muesli \u0026 oats","seoToken":"cereal-muesli-oats","id":"8908417","productCount":115,"catalogGroupView":null},{"level":3,"name":"Dairy \u0026 Non-dairy Milk","originalName":"Dairy \u0026 non-dairy milk","seoToken":"dairy-non-dairy-milk","id":"8908418","productCount":8,"catalogGroupView":null},{"level":3,"name":"Milk Flavourings","originalName":"Milk flavourings","seoToken":"milk-flavourings","id":"8908419","productCount":9,"catalogGroupView":null},{"level":3,"name":"Portable On the Go Cereal","originalName":"Portable on the go cereal","seoToken":"portable-on-the-go-cereal","id":"8908420","productCount":35,"catalogGroupView":null}]},{"level":2,"name":"School Lunches","originalName":"School lunches","seoToken":"school-lunches","id":"8908403","productCount":272,"catalogGroupView":[{"level":3,"name":"Breads, Rolls \u0026 Wraps","originalName":"Breads, rolls \u0026 wraps","seoToken":"breads-rolls-wraps","id":"8908421","productCount":38,"catalogGroupView":null},{"level":3,"name":"Canned Fish \u0026 Veg","originalName":"Canned fish \u0026 veg","seoToken":"canned-fish-veg","id":"8908422","productCount":48,"catalogGroupView":null},{"level":3,"name":"Cheese Packs","originalName":"Cheese packs","seoToken":"cheese-packs","id":"8908423","productCount":76,"catalogGroupView":null},{"level":3,"name":"Meat \u0026 Deli","originalName":"Meat \u0026 deli","seoToken":"meat-deli","id":"8908424","productCount":53,"catalogGroupView":null},{"level":3,"name":"Sandwich Spreads \u0026 Dips","originalName":"Sandwich spreads \u0026 dips","seoToken":"sandwich-spreads-dips","id":"8908425","productCount":57,"catalogGroupView":null}]},{"level":2,"name":"School Stationery \u0026 Supplies","originalName":"School stationery \u0026 supplies","seoToken":"school-stationery-supplies","id":"8908404","productCount":212,"catalogGroupView":[{"level":3,"name":"Apparel","originalName":"Apparel","seoToken":"apparel","id":"8908426","productCount":24,"catalogGroupView":null},{"level":3,"name":"Health and Beauty","originalName":"Health and beauty","seoToken":"health-and-beauty","id":"8908427","productCount":60,"catalogGroupView":null},{"level":3,"name":"Paper, Note Books \u0026 Folders","originalName":"Paper, note books \u0026 folders","seoToken":"paper-note-books-folders","id":"8908430","productCount":17,"catalogGroupView":null},{"level":3,"name":"School Laundry","originalName":"School laundry","seoToken":"school-laundry","id":"8908429","productCount":22,"catalogGroupView":null},{"level":3,"name":"School Stationery","originalName":"School stationery","seoToken":"school-stationery","id":"8908431","productCount":75,"catalogGroupView":null},{"level":3,"name":"Tech \u0026 Electrical","originalName":"Tech \u0026 electrical","seoToken":"tech-electrical","id":"8908432","productCount":14,"catalogGroupView":null}]}],"image":"https://www.coles.com.au/content/dam/coles/shop-categories/back-to-school.png"}],"excludedCategoryIds":["17490"]},"fulfilledTimeStamp":1675680256453}},"mutations":{},"provided":{},"subscriptions":{"getProductCategories({\"storeId\":\"0909\"})":{}},"config":{"online":true,"focused":true,"middlewareRegistered":true,"refetchOnFocus":false,"refetchOnReconnect":false,"refetchOnMountOrArgChange":false,"keepUnusedDataFor":60,"reducerPath":"bffApi"}},"aemApi":{"queries":{},"mutations":{},"provided":{},"subscriptions":{},"config":{"online":true,"focused":true,"middlewareRegistered":true,"refetchOnFocus":false,"refetchOnReconnect":false,"refetchOnMountOrArgChange":false,"keepUnusedDataFor":60,"reducerPath":"aemApi"}},"enquiryFormApi":{"queries":{},"mutations":{},"provided":{},"subscriptions":{},"config":{"online":true,"focused":true,"middlewareRegistered":false,"refetchOnFocus":false,"refetchOnReconnect":false,"refetchOnMountOrArgChange":false,"keepUnusedDataFor":60,"reducerPath":"enquiryFormApi"}}}},"__N_SSP":true},"page":"/browse/[...slug]","query":{"slug":["household","air-fresheners-home-fragrance"]},"buildId":"20230131.01_v3.23.0","runtimeConfig":{"AEM_IMAGE_URL":"https://www.coles.com.au/content/dam/coles","ADOBE_LAUNCH_ANALYTICS_URL":"//assets.adobedtm.com/be8983348498/7775e8833f85/launch-3482e2af0e30.min.js","ADOBE_LAUNCH_ANALYTICS_ID":"0B3D037254C7DE490A4C98A6@AdobeOrg","APP_INSIGHTS_INSTRUMENTATION_KEY":"16daa374-17fb-44f2-986f-cc36e59677cf","BFF_API_SUBSCRIPTION_KEY":"eae83861d1cd4de6bb9cd8a2cd6f041e","CCP_PROFILE_MANAGEMENT_URL":"https://colesgroupprofile.com.au","COL_URL":"https://shop.coles.com.au","COL4BUSINESS_URL":"https://business.coles.com.au","CITRUS_AD_IMAGE_URL":"https://coles.flavedo.io/citrus","CITRUS_HOST_URL":"https://integration.coles.citrusad.com","CITRUS_REFERER_URL":"https://coles.citrusad.com/","CV_CHATBOT_URL":"https://chatbot.coles.com.au/coles_cusp_ui","COLES_BFF_API_URL":"https://prod2apigw.cmltd.net.au/digital/omniweb/v1","COLES_ENV":"prod","PRODUCT_IMAGE_URL":"https://productimages.coles.com.au/productimages","COLES_MPGS_URL":"https://cipg.gateway.mastercard.com/form/version/56/merchant/COL01/session.js","LD_SDK_CLIENT_ID":"61f1f759d7adf9173a4d22b8","AEM_HOST_URL":"https://www.coles.com.au","AEM_ROOT_PATH":"/content/coles-onesite/en","AEM_XF_ROOT_PATH":"/content/experience-fragments/coles-onesite/en/site","NEXT_HOST_URL":"https://www.coles.com.au","GOOGLE_RECAPTCHA_V3_KEY":"6LfYn6wiAAAAAK0LBShfbQebZg8mucuEUeAAN8MK","SENTRY_TRACE_SAMPLE_RATE":"0.05"},"isFallback":false,"gssp":true,"appGip":true,"locale":"en","locales":["en"],"defaultLocale":"en","scriptLoader":[]}</script></body></html>